1864 3380
332 259 423 302 xxii
883 261 1036 304 PRAE
1052 263 1212 304 FATI
1228 263 1281 304 Ο.

333 377 483 422 cimus
523 381 752 436 quantum
792 370 1150 425 elaboraverunt
1185 378 1407 425 Ecclesiae
1442 377 1674 425 Doctores
1702 375 1800 440 'per

330 459 534 520 plurima
567 458 736 505 saecula
769 459 819 505 in
850 459 993 507 Sacra
1017 460 1259 522 Scriptura
1293 461 1504 508 docenda
1537 467 1680 522 atque
1716 477 1800 507 ex-

330 541 561 601 ponenda.
631 541 938 603 Adimpletur
967 544 1132 605 ingens
1166 544 1335 590 lacuna
1356 544 1405 588 in
1429 543 1686 605 Theologia
1709 542 1799 590 Pa-

330 623 512 670 tristica
545 629 595 669 et
629 619 943 670 restituuntur
972 626 1170 672 notabili
1202 642 1262 672 ex
1295 631 1428 687 parte
1462 626 1668 686 praeclari
1697 626 1799 686 qui-

331 705 440 751 dam
480 705 717 753 Auctores
753 713 895 768 atque
931 708 1250 769 Expositores,
1287 709 1366 768 qui
1402 708 1540 754 aliter
1573 709 1671 754 fere
1705 709 1796 755 toti

328 785 599 848 periissent3
624 789 743 835 tales
777 794 887 835 sunt
921 787 1139 845 Acacius,
1171 789 1472 851 Apollinaris,
1496 788 1795 844 Ammonius,

330 868 566 916 Diodorus
616 870 865 925 Tarsensis,
924 869 1169 932 Didymus,
1228 872 1519 926 Severianus,
1579 870 1796 926 Severus,

328 951 574 1007 Theodori,
617 952 946 999 Heracleensis
986 959 1036 999 et
1077 952 1460 1014 Mopsuestenus.
1541 953 1797 1014 Insigniter

327 1040 490 1082 aut-em
524 1041 757 1097 augentur
779 1035 848 1081 illi
873 1051 1072 1096 quorum
1096 1035 1255 1096 Opera
1289 1036 1508 1096 quaedam
1541 1036 1601 1081 ad
1635 1042 1797 1082 nostra

326 1121 552 1177 tempora*
574 1123 860 1172 manserunt,
892 1117 1014 1163 sicut
1043 1117 1283 1179 Origenes,
1311 1117 1557 1171 Eusebius,
1581 1115 1804 1164 Athana-⁴

328 1200 435 1255 sius,
456 1200 671 1262 Cyrillus.
708 1199 837 1247 Hinc
861 1206 1089 1246 eruuntur
1112 1202 1241 1261 quasi
1266 1202 1374 1247 novi
1398 1202 1610 1247 veritatis
1632 1207 1792 1256 testes,

326 1288 376 1330 et
415 1282 785 1346 propugnatores
824 1285 934 1330 fidei
971 1285 1126 1330 denuo
1166 1285 1434 1331 excitantur
1472 1285 1532 1330 ad
1565 1285 1794 1331 firmanda

327 1363 550 1413 Ecclesiae
570 1363 804 1429 dogmata,
823 1373 872 1413 et
891 1367 1053 1413 Divini
1068 1367 1219 1415 Verbi
1243 1383 1431 1414 sensum
1457 1369 1759 1414 statuendum
1778 1384 1790 1423 ;

326 1456 376 1497 et
416 1451 465 1496 hi
508 1452 699 1511 quidem
739 1466 835 1496 non
873 1451 1013 1497 unius
1052 1452 1278 1512 temporis
1323 1457 1406 1497 aut
1450 1451 1667 1512 regionis,
1708 1451 1791 1497 sed

327 1533 496 1579 diversi
519 1538 569 1578 et
593 1538 732 1579 aetate
756 1538 805 1579 et
828 1533 959 1588 loco;
985 1533 1207 1579 Ecclesiae
1231 1535 1422 1593 quidam
1440 1532 1789 1588 Alexandrinae,

326 1615 405 1661 alii
430 1615 882 1676 Hierosolymitanae,
903 1614 1215 1661 Antiochense
1243 1615 1334 1669 alii,
1355 1615 1433 1661 alii
1458 1615 1792 1661 Constantino-

325 1697 574 1758 politanae3
632 1712 794 1743 omnes
835 1703 996 1743 tamen
1040 1698 1359 1758 conspirantes
1404 1698 1454 1742 in
1501 1696 1792 1744 Orthodoxae

325 1780 435 1826 fidei
481 1781 723 1841 praecipuis
763 1780 1062 1842 dogmatibus
1101 1781 1304 1835 tuendis,
1346 1786 1395 1826 et
1434 1781 1613 1827 mutuis
1658 1782 1792 1828 testi-

323 1862 494 1907 moniis
518 1877 623 1907 suas
646 1862 1056 1923 interpretationes
1080 1863 1384 1908 stabilientes.
1797 1862 1799 1864 ’

392 1939 578 1989 Harum
616 1958 705 2004 ope
739 1944 907 1990 clarius
942 1942 1176 1990 Cernimus
1211 1943 1400 2004 quinam
1433 1943 1525 1989 fuit
1554 1943 1791 2004 Antiquo-

324 2040 428 2070 rum
455 2025 653 2071 Patrum
686 2026 736 2071 in
758 2025 1015 2088 Theologia
1049 2027 1212 2072 critica
1244 2026 1522 2080 methodus3
1560 2031 1790 2085 quantum

326 2107 617 2168 Scripturam
667 2107 909 2169 Scriptura
953 2109 1250 2169 interpretari
1295 2108 1570 2168 sapiebant;
1621 2108 1790 2168 quibus

325 2191 477 2236 dubiis
508 2196 557 2236 et
581 2190 920 2251 objectionibus
954 2190 1250 2251 potissimum
1282 2205 1527 2235 occurrere
1561 2189 1788 2246 solebant,

324 2278 374 2318 et
398 2273 567 2333 quibus
590 2273 878 2334 argumentis
902 2287 958 2318 ea
981 2272 1161 2318 solvere
1183 2270 1589 2333 aggrediebantur.
1647 2272 1788 2327 Quod

324 2356 362 2402 si
384 2371 478 2416 prae
501 2356 748 2401 neotericis
772 2355 1132 2416 Expositoribus
1163 2355 1343 2400 indocti
1377 2355 1542 2416 saepius
1576 2359 1626 2399 et
1648 2355 1788 2400 rudes

323 2438 585 2492 videantur,
609 2444 659 2484 at
692 2438 993 2499 simplicitate
1028 2443 1078 2484 et
1112 2438 1312 2483 candore
1344 2443 1393 2483 et
1415 2438 1522 2491 fide,
1546 2443 1596 2482 et
1619 2438 1675 2482 iis
1698 2439 1789 2483 vir-

322 2521 505 2566 tutibus
551 2535 653 2580 quae
700 2520 1002 2566 Christianos
1037 2521 1220 2574 decent,
1261 2525 1491 2580 quantum
1537 2520 1714 2565 distant
1758 2535 1788 2566 a

322 2607 491 2648 nostrae
514 2598 664 2648 aetatis
686 2602 896 2663 neologis
920 2603 999 2662 qui
1022 2618 1051 2648 a
1073 2601 1233 2656 nihilo,
1256 2617 1317 2647 ne
1339 2602 1389 2646 in
1413 2601 1552 2647 sacris
1580 2602 1785 2661 quidem,

322 2687 410 2732 sibi
433 2687 791 2747 temperandum
815 2701 916 2732 esse
937 2690 1239 2747 praesumunt.
1310 2684 1362 2730 Si
1386 2686 1465 2745 qui
1500 2690 1660 2731 autem
1686 2685 1786 2731 Ve-

321 2773 477 2814 terum
501 2763 939 2814 Commentatorum
961 2768 1011 2812 in
1034 2766 1294 2828 allegoricis
1316 2767 1784 2827 interpretationibus

321 2850 454 2895 nimii
490 2851 596 2903 sint,
631 2850 679 2895 id
714 2850 858 2895 etiam
892 2849 1011 2895 utile
1047 2853 1119 2894 est
1160 2849 1342 2902 rescire,
1380 2849 1460 2909 qui
1494 2848 1669 2893 fuerint
1703 2848 1783 2908 qui

322 2946 425 2978 eam
450 2931 787 2990 interpretandi
814 2931 937 2977 viam
973 2930 1267 2991 potissimum
1302 2931 1451 2977 secuti
1486 2931 1592 2983 sint,
1617 2934 1667 2975 et
1690 2944 1783 2990 qua
