1884 3392
667 238 966 281 PRAEFAT
984 239 1069 281 10.
1539 239 1612 282 xix

124 351 214 397 bus
259 352 308 397 in
351 351 633 404 Homerum,
675 350 948 406 Pindarum,
986 352 1360 414 Aristophanem
1403 358 1454 400 et
1493 354 1610 401 alios

123 438 290 494 poetas
335 431 576 494 Antiquos
633 434 871 482 variorum
928 437 1293 484 commentarios
1349 452 1608 500 congerere

123 516 278 563 multo
300 521 413 563 ante
442 516 490 562 in
513 531 604 562 usu
626 516 794 563 fuerat.

191 604 236 646 2.
288 599 434 646 Nunc
467 604 655 645 transeo
703 599 764 644 ad
811 602 1068 648 secundam
1102 602 1418 663 quaestionem
1457 620 1602 665 quam

127 683 245 729 mihi
268 684 563 730 tractandam
586 684 937 745 proposui—an
966 684 1246 746 plerumque
1276 688 1483 749 genuina
1512 688 1607 734 sint

129 765 328 812 Patrum
352 771 578 827 excerpta
602 782 705 827 quae
727 767 778 814 in
802 767 995 816 Catenis
1018 771 1331 831 reperiuntur.

190 849 358 896 Gravis
393 865 504 896 sane
539 854 612 896 est
642 849 748 896 haec
779 852 988 911 quaestio,
1015 858 1066 899 et
1089 854 1149 899 ad
1180 853 1483 899 statuendam
1517 859 1604 900 aut

121 933 451 980 infirmandam
474 933 763 980 Catenarum
791 935 1127 982 auctoritatem
1149 936 1311 998 magni
1334 941 1391 982 ut
1414 935 1604 982 videtur

120 1017 380 1072 momenti;
432 1018 515 1063 sed
555 1017 757 1064 difficilis
796 1033 909 1064 sane
949 1025 1023 1065 est
1062 1020 1175 1081 ipsa,
1212 1026 1263 1066 et
1302 1019 1601 1081 aliquantum

121 1098 319 1145 lubrica.
390 1099 532 1146 Illam
564 1100 646 1147 vix
681 1101 874 1162 quidem
908 1103 1071 1165 attigit
1094 1102 1317 1159 Wolfius,
1350 1110 1401 1150 et
1434 1105 1595 1151 nescio

120 1196 182 1227 an
215 1182 364 1236 nobis,
388 1182 511 1229 sicut
532 1183 683 1244 plura,
707 1185 774 1230 sic
809 1189 860 1230 et
893 1185 1095 1231 certiora
1125 1186 1185 1232 de
1216 1186 1289 1232 his
1319 1187 1595 1247 producere,

120 1265 379 1326 continget.
468 1265 687 1313 Maxime
738 1268 777 1313 si
822 1271 953 1313 recte
980 1267 1207 1322 *memini,
1254 1269 1482 1315 suscitata
1526 1275 1601 1315 est

122 1348 319 1408 quaestio
353 1353 606 1410 postquam
641 1350 835 1412 vulgata
873 1355 986 1396 sunt
1023 1350 1312 1413 Fragmenta
1346 1351 1602 1401 Anecdota

123 1429 304 1486 Irenaei,
340 1447 444 1493 quae
484 1447 512 1478 e
548 1431 698 1478 MSS.
734 1432 1046 1482 Bibliothecae
1078 1436 1379 1483 Taurinensis
1418 1438 1599 1498 primus

121 1515 247 1561 eruit
303 1520 354 1561 et
410 1515 460 1560 in
517 1514 675 1562 lucem
731 1518 932 1577 protulit
979 1516 1189 1573 Pfaffius,
1236 1518 1388 1581 Hagae
1439 1519 1600 1567 Comi-

116 1603 223 1645 tum
263 1601 408 1650 1715.
447 1602 515 1645 8⁰.
609 1598 798 1646 Horum
835 1600 1210 1662 fragmentorum
1247 1600 1473 1648 αὖθεντείαν
1508 1603 1597 1649 im-

115 1680 387 1746 pugnarunt
420 1682 577 1739 multi,
600 1688 651 1728 et
680 1683 794 1730 satis
818 1684 997 1738 validis,
1022 1689 1078 1729 ut
1104 1683 1222 1729 mihi
1247 1685 1440 1744 quidem
1464 1685 1594 1732 vide-

114 1772 206 1821 tur,
247 1767 550 1829 argumentis.
642 1766 842 1813 Rectius
888 1773 1053 1814 autem
1094 1773 1144 1813 et
1183 1767 1370 1829 plenius
1417 1769 1477 1815 de
1522 1769 1596 1816 his

105 1849 342 1909 judicium
387 1848 509 1893 ferre
554 1848 883 1908 potuissemus,
926 1850 965 1895 si
1005 1850 1066 1895 de
1107 1849 1362 1896 Codicibus
1407 1850 1520 1912 ipsis
1567 1867 1595 1898 e

114 1932 285 1992 quibus
319 1932 571 1992 desumpta
602 1931 810 1986 fuerunt,
835 1947 1000 1978 eorum
1036 1937 1176 1978 aetate
1210 1932 1404 1987 scilicet,
1429 1939 1479 1980 et
1513 1950 1596 1981 nae-

113 2020 233 2069 tura,
257 2015 392 2061 nobis
415 2015 637 2061 notitiam
665 2015 872 2075 aliquam
896 2015 1103 2061 dedisset
1128 2014 1336 2069 Pfaffius,
1361 2016 1442 2076 qui
1465 2018 1594 2063 nuda

112 2103 303 2144 tantum
340 2099 453 2145 satis
487 2098 576 2145 sibi
610 2098 778 2144 habuit
816 2098 1026 2159 proferre
1063 2098 1342 2159 fragmenta,
1383 2099 1594 2160 generali

112 2181 204 2228 hoc
227 2186 482 2227 contextus
504 2181 692 2226 indicio.
750 2187 777 2207 “
802 2180 921 2236 Quae
941 2180 1038 2226 luci
1061 2180 1267 2241 publicae
1291 2182 1589 2241 exponimus,

112 2270 139 2305 ‘f
163 2263 212 2310 S.
231 2264 397 2310 Irenaei
422 2263 645 2324 Episcopi
669 2262 1002 2324 Lugdunensis
1034 2263 1324 2325 Fragmenta
1357 2264 1589 2312 hactenus

112 2353 139 2373 “
162 2346 394 2393 anecdota
426 2347 597 2392 no'stris
631 2345 1038 2392 Annotationibus
1078 2347 1371 2407 adjectisque
1406 2347 1592 2394 Disser-

112 2436 138 2456 “
162 2429 421 2476 tationibus
444 2428 682 2489 explicata
707 2433 851 2489 atque
874 2443 902 2474 e
925 2427 1227 2474 Bibliotheca
1250 2429 1403 2491 Regia
1424 2430 1589 2476 Tauri-

112 2519 139 2555 ‘.‘
162 2513 295 2558 nensi
329 2517 477 2566 eruta,
502 2527 559 2558 ea
591 2527 688 2557 non
721 2526 818 2556 uno
853 2525 915 2556 ex
947 2509 1127 2556 Codice
1161 2512 1469 2567 extraximus,
1504 2515 1588 2560 sed

111 2601 139 2621 ‘⁶
162 2611 225 2641 ex
259 2596 412 2651 variis,
444 2596 527 2656 qui
558 2610 587 2640 a
618 2594 795 2641 Graecis
828 2590 1045 2656 πατερικοῖ,
1081 2593 1329 2657 παράδεισοι,
1364 2593 1587 2658 γεροντικὰ,

112 2683 142 2704 “
168 2677 425 2739 λειμωνάρια,
463 2676 686 2738 διηγήσεις,
719 2673 953 2731 πανῧέκται,
991 2674 1207 2736 κλίμακες,
1243 2674 1466 2732 λαυσαῖκαῖ,
1501 2684 1586 2724 aut

112 2766 138 2785 ‘⁶
161 2775 276 2806 voce
301 2759 474 2805 Latina
497 2759 702 2814 Catenae,
727 2760 766 2805 si
789 2774 961 2820 nempe
993 2760 1388 2806 commentarium
1418 2775 1586 2822 perpe-

111 2833 138 2878 ‘ss‘
162 2847 301 2889 tuum
324 2841 374 2886 in
399 2841 597 2887 Librum
621 2841 752 2888 Sacri
776 2840 964 2887 Codicis
995 2841 1284 2894 contineant,
1308 2856 1585 2903 nuncupan-

111 2931 137 2951 “
160 2929 254 2980 tur,
282 2924 467 2973 diversa
500 2923 681 2969 scilicet
716 2903 802 2970 SS.
840 2922 1037 2968 Patrum
1069 2922 1146 2969 vel
1178 2924 1304 2990 facta
1335 2924 1411 2970 vel
1443 2924 1586 2972 effata

818 3016 841 3044 c
863 3013 888 3045 2
