1884 3392
664 225 1060 267 PRAEFATIO.
1558 223 1601 263 xi

122 338 289 396 legitur.
350 340 634 381 Occurrerunt
654 338 734 394 ipsi
754 335 856 378 mihi
876 345 918 377 et
937 335 1029 387 alia,
1051 351 1148 392 quae
1170 345 1308 377 tamen
1334 334 1401 377 hic
1423 350 1498 392 per
1517 334 1601 377 for-

123 420 287 449 marum
321 406 504 464 inopiam
538 405 771 464 exprimere
806 420 888 447 non
923 404 1031 447 licet.
1105 406 1170 447 Ut
1210 414 1348 446 autem
1386 414 1597 461 appareat,

122 490 250 532 quam
281 474 412 517 facilis
440 474 508 516 hic
538 474 591 517 sit
619 474 775 531 lapsuS‚
797 473 878 530 legi
909 481 1099 531 possunt,
1121 489 1218 530 quae
1247 473 1310 514 Cl.
1330 472 1600 514 Montfauco-

123 543 218 585 nius
237 558 282 600 p.
297 555 396 598 340.
418 541 511 584 libri
533 541 692 583 laudati
713 551 1017 584 commentatus
1038 551 1113 584 est.

182 616 209 635 “
226 612 279 653 In
299 610 365 652 his
383 610 494 652 vitiis
511 626 608 652 cum
632 612 812 652 Catenas
842 610 1061 668 plerasque
1085 625 1229 652 omnes
1252 609 1393 665 jacere
1414 608 1599 651 viderent

121 679 287 730 eruditi,
311 688 540 736 temperare
559 678 635 720 sibi
656 694 739 721 non
763 689 1005 735 potuerunt,
1026 695 1113 736 quo
1132 677 1271 720 minus
1291 686 1600 733 praemonerent

121 749 176 790 de
195 748 260 790 his
279 749 507 805 prudenter
530 749 742 798 Lectores,
764 748 880 805 quod
902 747 1146 789 nominatim
1168 746 1267 788 fecit
1287 746 1474 789 Huetius
1494 745 1597 797 loco,

121 813 307 874 repetitis
327 815 487 858 vicibus
507 826 845 867 commemorate,
868 816 939 858 ubi
962 816 1086 858 etiam
1103 825 1293 867 testatur,
1316 830 1359 857 se
1379 814 1444 856 his
1464 815 1599 856 causis

120 884 351 927 adductum
386 900 487 936 esse,
521 894 568 927 ut
604 900 727 927 usum
765 885 1019 927 Catenarum
1056 884 1110 926 ad
1143 883 1378 941 colligenda
1405 883 1601 939 Origenis

121 953 370 1011 fragmenta,
391 952 488 995 hinc
508 953 606 995 inde
625 953 812 1011 disjecta,
833 953 1074 1010 negligeret,
1097 968 1251 1009 easque
1277 967 1404 1009 porro
1425 951 1601 993 studiosi

122 1032 171 1064 ut
201 1030 460 1079 respuerent,
483 1022 603 1063 valde
634 1032 792 1079 optare.
856 1022 945 1079 Ipsi
978 1024 1234 1064 Catenarum
1267 1020 1474 1078 ejusmodi
1499 1020 1600 1062 Edi-

122 1100 244 1141 tores,
265 1090 508 1132 nominatim
535 1090 667 1132 Mich.
685 1090 907 1132 Ghislerus
930 1100 972 1132 et
995 1091 1107 1131 Petr.
1132 1089 1344 1140 Possinus,
1369 1088 1422 1130 de
1454 1087 1597 1130 labore

122 1174 213 1209 suo,
234 1158 350 1216 quod
380 1158 481 1200 alias
511 1159 598 1201 fieri
631 1159 749 1210 solet,
783 1174 863 1200 non
897 1159 1003 1200 adeo
1033 1158 1230 1215 praeclare
1265 1170 1494 1209 senserunt,
1527 1156 1599 1198 sed

120 1226 261 1283 potius
290 1226 468 1269 candide
496 1227 671 1284 professi
697 1236 808 1278 sunt,
830 1237 953 1269 caute
983 1226 1210 1268 admodum
1233 1236 1274 1268 et
1302 1226 1600 1282 circumspecte

120 1293 200 1336 illis
221 1294 425 1336 utendum
447 1310 547 1336 esse.
609 1294 780 1336 Addam
805 1311 887 1337 non
907 1295 1105 1337 dissimile
1128 1294 1330 1352 Stephani
1361 1294 1400 1336 le
1422 1295 1600 1351 Moyne,

119 1361 286 1405 diffusae
307 1362 395 1405 Viri
425 1363 642 1415 doctrinae,
661 1363 960 1415 testimonium,
989 1363 1106 1420 quod
1135 1363 1178 1404 in
1208 1362 1516 1420 prolegomenis
1545 1362 1600 1403 ad

122 1431 248 1474 Varia
270 1432 397 1474 Sacra
415 1447 459 1489 p.
473 1442 542 1488 53.
559 1448 620 1490 sq.
642 1432 706 1474 his
727 1442 976 1490 conceptum
996 1431 1133 1474 verbis
1152 1431 1329 1488 legitur:
1353 1435 1365 1455 ‘
1381 1432 1601 1473 Postremo

122 1505 135 1525 ‘
155 1500 446 1558 compilatores
485 1502 742 1543 Catenarum
784 1510 883 1543 sunt
922 1500 1097 1543 obnoxii
1138 1499 1261 1542 variis
1299 1499 1524 1551 erroribus,
1558 1509 1601 1542 et

121 1574 136 1594 ‘
157 1569 261 1611 nulli
280 1570 368 1612 fere
386 1568 548 1612 labores
581 1571 714 1628 magis
743 1569 904 1612 mendis
935 1580 977 1611 et
1004 1568 1151 1611 erratis
1180 1578 1353 1619 scatent,
1376 1583 1503 1625 quam
1525 1568 1600 1625 qui

123 1643 134 1661 ‘
155 1639 323 1685 nomine
343 1640 598 1681 Catenarum
620 1640 752 1682 solent
774 1638 932 1696 ubique
951 1637 1239 1680 circumferri?
1279 1637 1406 1688 Quod
1427 1646 1600 1687 norunt,

119 1705 195 1763 qui
214 1705 256 1748 in
276 1706 512 1749 studiorum
542 1707 719 1750 istorum
748 1723 899 1765 genere
921 1707 1144 1749 voluerunt
1165 1706 1232 1749 vel
1262 1706 1410 1748 leviter
1429 1721 1599 1763 operam

121 1789 239 1816 suam
259 1774 473 1827 collocare,
495 1785 537 1818 et
557 1775 805 1818 industriam
834 1792 951 1818 suam
973 1792 1180 1819 exercere.
1241 1776 1372 1817 Tales
1402 1790 1504 1831 ergo
1533 1790 1598 1816 re-

121 1842 363 1899 sponsiones
391 1843 434 1884 in
464 1844 624 1885 Catena
647 1845 823 1887 Victoris
854 1845 1023 1887 laudata
1044 1844 1114 1886 vix
1136 1844 1373 1901 Polycarpo
1402 1843 1598 1884 auderem

120 1910 367 1954 adscribere.
430 1912 654 1955 Nonnullis
684 1929 781 1971 pars
810 1914 976 1956 illorum
1000 1912 1195 1954 vitiorum
1228 1912 1329 1969 ipsis
1348 1911 1600 1954 Editoribus

121 1980 378 2022 Catenarum
400 1980 623 2024 tribuenda
642 1981 730 2024 visa
749 1992 824 2034 est,
846 1982 919 2039 qui
939 1981 1055 2039 operi
1077 1997 1154 2023 suo
1174 1989 1444 2038 magestatem
1467 1996 1599 2037 quan-

120 2047 219 2090 dam
249 2058 291 2091 et
320 2048 583 2106 splendorem
609 2051 884 2104 conciliaturi,
906 2049 1344 2108 praestantissimorum
1365 2049 1599 2091 Doctorum

122 2116 304 2170 nomina,
324 2133 408 2160 non
437 2119 597 2176 optima
615 2119 714 2172 fide,
733 2119 868 2162 allatis
898 2118 1143 2161 testimoniis
1173 2117 1441 2175 praefixerint.
1505 2119 1600 2158 Me-

121 2184 222 2226 mini
255 2185 368 2227 Dan.
391 2187 595 2239 Barbam,
627 2189 800 2231 Catenae
838 2188 1015 2239 Graecae,
1054 2188 1097 2229 in
1134 2187 1325 2229 Psalmos
1358 2201 1398 2228 L.
1442 2185 1601 2243 priores

122 2252 309 2295 venetiis
325 2255 450 2309 1569.
471 2266 642 2307 curatae,
659 2256 826 2299 Editori
849 2256 928 2298 hoc
947 2255 1193 2313 exprobrari
1213 2271 1238 2297 a
1253 2254 1409 2297 Savilio
1427 2254 1470 2295 in
1491 2253 1600 2295 notis

120 2320 176 2362 ad
198 2322 386 2363 Tomum
410 2324 543 2365 VIII.
568 2324 857 2382 Chrysostomi
887 2341 932 2383 p.
957 2340 1025 2382 95.
1053 2335 1094 2367 et
1120 2338 1216 2380 107.
1239 2324 1313 2366 ubi
1335 2323 1424 2375 Vir,
1444 2332 1600 2365 cetero-

119 2389 224 2446 quin
259 2389 537 2446 aequissimus,
558 2392 666 2435 forte
700 2403 857 2451 praeter
889 2394 1091 2436 rationem
1125 2393 1337 2450 opinatur,
1361 2392 1598 2434 Barbarum

120 2457 164 2498 in
200 2459 462 2502 Auctoribus
498 2461 660 2503 Graecis
696 2462 956 2518 proferendis
992 2463 1144 2504 Graeca
1174 2461 1258 2503 fide
1295 2475 1417 2502 usum
1453 2459 1597 2501 fuisse.

122 2527 234 2568 Cum
262 2527 371 2569 enim
391 2544 443 2570 ex
464 2529 527 2580 iis,
550 2546 648 2587 quae
676 2531 866 2573 hucdum
886 2540 1209 2572 commemorata
1239 2538 1354 2580 sunt,
1375 2537 1596 2586 appareat,

120 2594 232 2652 ipsas
253 2597 434 2639 Catenas
453 2597 579 2640 fidem
610 2599 677 2642 hic
706 2599 919 2642 interdum
948 2599 1092 2641 fallere
1123 2598 1267 2650 solere,
1290 2597 1511 2640 Editorem
1533 2611 1601 2638 ea-

121 2678 219 2705 rum
238 2664 318 2707 hac
337 2665 463 2723 culpa
483 2666 649 2709 liberari
670 2683 789 2725 posse
813 2667 1040 2710 existimo.²

182 2736 214 2756 “
235 2732 286 2773 P.
307 2745 378 2789 33.
412 2733 561 2776 Dicam
584 2751 696 2778 nunc
715 2736 769 2778 de
790 2738 952 2779 Catena
970 2735 1014 2777 in
1034 2734 1270 2792 Epistolam
1291 2733 1345 2775 ad
1366 2734 1596 2783 Romanos,

122 2812 207 2840 non
238 2799 402 2856 integra
431 2801 502 2844 illa
532 2803 720 2859 quidem,
742 2805 815 2847 sed
835 2805 987 2848 eximia
1017 2815 1158 2846 tamen
1187 2813 1228 2845 et
1255 2801 1398 2844 multis
1428 2802 1519 2845 aliis
1548 2818 1598 2844 eo

179 2931 195 2948 z
217 2923 296 2962 Hic
315 2925 428 2963 omisi
447 2927 635 2977 quaedam,
655 2942 740 2979 quae
758 2929 805 2967 ad
825 2930 1011 2979 quosdam
1032 2929 1193 2967 Codices
1214 2929 1442 2966 Catenarum
1462 2928 1503 2965 in
1524 2927 1598 2964 Ve-

124 2985 187 3015 tus
205 2979 494 3018 Testamentum
523 2990 711 3032 spectant,
737 2991 777 3021 et
806 2983 968 3034 repetita
997 2992 1087 3021 sunt
1115 2983 1337 3035 plerumque
1363 2983 1474 3021 Fabr.
1495 2981 1596 3018 Bibl.

126 3031 194 3069 Gr.
215 3039 244 3069 t.
258 3033 347 3070 VII.
369 3047 405 3085 p.
424 3044 514 3086 749.
534 3043 573 3074 et
592 3048 669 3087 seq.
833 3090 861 3132 b

883 3103 907 3133 2
