1884 3392
282 219 340 262 xii
829 221 974 262 PRAE
987 222 1212 264 FATIO.

287 340 396 372 certe
427 331 591 372 nomine
622 332 893 389 praeferenda,
915 332 1030 389 quod
1062 333 1358 390 plerorumque
1380 335 1614 376 Doctorum
1645 333 1776 376 testi:

290 399 429 441 monia
449 415 499 440 ex
523 399 684 456 scriptis
706 416 787 442 non
810 401 930 443 editis
950 401 1196 458 deprompta
1219 401 1311 443 sint.

350 472 378 492 ‘⁶
400 469 505 518 Quae
538 483 662 509 causa
693 478 769 520 est,
797 485 872 510 cur
905 485 994 510 eam
1028 478 1158 511 totam
1191 470 1490 527 descripserim,
1513 470 1544 512 si
1567 470 1759 527 Origenis

290 535 401 576 locos
430 535 627 591 excipias,
649 552 755 593 quos
787 537 972 578 Grabius
1003 547 1276 594 excerpserat,
1302 547 1343 579 et
1376 538 1408 579 si
1434 554 1508 595 per
1538 539 1760 580 immatura

291 602 379 643 fata
409 602 605 655 licuisset,
627 620 721 646 cnm
755 606 898 647 ceteris
924 606 1053 662 hujus
1074 606 1270 647 Doctoris
1296 606 1540 663 fragmentis
1571 606 1761 647 editurus

293 681 394 712 erat.
457 673 603 714 Codex
634 673 734 730 ipse,
757 675 830 731 qui
861 675 901 716 in
936 676 1141 731 Hyperoo
1163 674 1392 716 Bodleiano
1415 675 1520 717 Cod.
1547 676 1642 717 208.
1677 690 1759 715 ser-

293 749 428 791 vatur,
460 756 484 781 a
515 741 729 783 recentiori
763 757 888 784 manu
921 758 971 783 ex
1005 741 1242 798 antiquiori,
1268 742 1510 784 nominatim
1534 743 1761 791 Gaditano,

293 822 369 863 per
387 809 597 849 Joannem
622 808 843 866 Lluydum
873 825 939 851 an.
965 812 1069 850 1601
1099 819 1188 851 erat
1217 810 1465 867 descriptus,
1486 820 1527 852 et
1546 810 1589 852 in
1613 810 1762 867 Capite

295 876 431 916 VIII.
467 876 681 918 desinebat
716 877 886 919 dimidia
925 887 1043 933 parte
1079 887 1307 920 truncatus.
1380 880 1549 921 Partem
1591 878 1761 920 alteram

296 943 496 995 Grabius,
518 945 640 1001 cujus
670 945 847 986 sermoni
878 944 1067 986 familiari
1089 945 1131 986 id
1152 946 1298 996 debeo,
1321 946 1525 988 invenisse
1555 946 1632 988 sibi
1652 946 1765 988 vide-

295 1011 420 1052 batur
439 1012 479 1052 in
505 1012 707 1068 Catalogo
729 1014 859 1054 MSS.
884 1006 1156 1055 Bibliothecae
1179 1015 1461 1070 Augustanae‚
1493 1014 1534 1054 in
1567 1029 1653 1070 quo
1685 1014 1766 1055 Ca-

296 1087 391 1120 tena
413 1080 502 1121 ΡΡ.
533 1079 574 1120 in
606 1080 777 1121 eandem
801 1079 1034 1138 Epistolam
1069 1097 1093 1122 a
1126 1083 1231 1138 Cap.
1257 1082 1345 1123 IX.
1379 1082 1592 1139 incipiens,
1623 1096 1762 1123 recen-

297 1156 449 1189 seatur.
483 1147 602 1189 Idem
625 1148 667 1188 in
690 1148 860 1190 Praefat.
881 1148 933 1189 ad
957 1149 1082 1190 Tom.
1101 1150 1168 1190 II.
1193 1149 1386 1207 Spicileg.
1409 1152 1497 1192 ΡΡ.
1522 1150 1765 1207 Scriptores,

297 1230 477 1271 quorum
498 1216 678 1273 cogitata
697 1217 787 1258 haec
808 1219 967 1259 Catena
987 1217 1127 1267 refert,
1149 1217 1228 1259 hoc
1248 1218 1393 1259 ordine
1412 1229 1623 1267 recenset;
1657 1220 1768 1260 Aca-

298 1283 400 1335 cius,
432 1285 701 1341 Anonymus,
733 1285 1036 1342 Apollinarhrs,
1060 1285 1257 1342 Cyrillus,
1287 1286 1513 1344 Didymus,
1537 1287 1765 1339 Diodorus,

300 1352 523 1403 Eusebius,
544 1352 803 1403 Gennadius,
828 1353 1028 1404 Isidorus,
1049 1353 1265 1408 Origenes,
1289 1354 1482 1405 Photius,
1507 1355 1767 1406 Severianus,

301 1420 566 1469 Theodorus,
591 1421 892 1472 Theodoritus‚
915 1421 1274 1479 Theophylactus.
1337 1423 1490 1465 Omisit
1510 1424 1588 1474 vir,
1610 1433 1768 1466 cetero-

300 1489 400 1545 quin
423 1489 775 1546 diligentissimus,
800 1490 1158 1547 Chrysostomum,
1180 1491 1294 1546 quod
1316 1491 1486 1548 quidem
1517 1507 1598 1533 non
1626 1492 1784 1542 mirors

299 1573 393 1599 cum
431 1572 515 1598 uno
550 1567 713 1599 tantum
745 1557 839 1598 loco
870 1558 904 1599 is
936 1568 1294 1600 commemoretur.
1356 1560 1424 1601 De
1456 1559 1652 1601 Patribus
1682 1559 1770 1601 istis

299 1625 530 1682 quidquam
553 1625 819 1667 commentari
840 1625 906 1667 hic
929 1625 1029 1666 nihil
1051 1626 1213 1677 attinet,
1230 1642 1325 1668 cum
1347 1627 1444 1668 satis
1466 1642 1538 1683 per
1555 1643 1596 1668 se
1618 1627 1770 1683 cuique

299 1702 514 1750 perspecta
543 1708 685 1734 eorum
718 1693 886 1734 nomina
915 1694 1021 1742 sint;
1055 1693 1096 1734 id
1121 1704 1257 1735 tamen
1290 1709 1372 1735 non
1394 1694 1671 1736 omittendum
1694 1704 1769 1746 est,

300 1761 415 1817 quod
436 1760 526 1802 haec
543 1762 701 1802 Catena
722 1761 775 1802 ab
796 1777 844 1802 ea
864 1777 1034 1818 prorsus
1053 1761 1248 1803 distincta
1269 1761 1333 1812 sit,
1351 1777 1479 1818 quam
1494 1761 1777 1803 OEcumenius

301 1828 386 1870 suis
406 1828 447 1869 in
468 1843 611 1869 omnes
633 1829 755 1870 Pauli
776 1830 988 1886 Epistolas
1010 1830 1328 1872 Commentariis
1347 1830 1533 1871 inseruit.
1575 1829 1772 1886 Denique

300 1913 375 1939 nec
406 1897 449 1938 id
479 1898 816 1953 praetereundum
841 1908 914 1949 est,
937 1900 1052 1954 quod
1071 1900 1100 1939 J
1104 1914 1142 1939 o.
1162 1898 1327 1940 Millius
1351 1898 1404 1939 ad
1426 1899 1596 1940 Novum
1621 1900 1772 1939 Testa—

299 1976 486 2007 mentum
509 1966 693 2007 curatius
713 1966 921 2007 edendum
944 1966 1021 2008 hac
1044 1968 1204 2008 Catena
1225 1983 1346 2009 usum
1377 1983 1419 2008 se
1439 1983 1526 2008 esse
1554 1967 1773 2023 profitetur

300 2033 342 2074 in
364 2033 667 2091 prolegomenis
684 2033 736 2074 ad
761 2034 930 2075 Novum
953 2036 1270 2077 Testamentum
1294 2051 1334 2092 p.
1355 2036 1448 2091 158.
1475 2037 1582 2076 Sect.
1609 2036 1752 2088 1448.''

729 2140 967 2181 Corollaria
988 2141 1045 2181 ad
1067 2141 1179 2182 Calc.
1193 2156 1242 2198 p.
1265 2143 1342 2182 ult.

364 2220 538 2260 Patrum
570 2218 886 2275 allegationibus
919 2219 1146 2276 Scripturae
1177 2235 1260 2261 non
1291 2219 1472 2261 multum
1504 2218 1773 2261 tribuendum

304 2298 377 2338 est,
399 2302 535 2343 neque
557 2296 692 2328 tamen
714 2286 795 2328 illae
817 2302 985 2344 prorsus
1006 2287 1266 2344 negligendae
1287 2287 1495 2329 videntur.

363 2355 630 2397 Recentiores
649 2355 872 2412 saepissime
893 2355 1091 2396 Patribus
1111 2356 1152 2396 in
1171 2355 1419 2412 exponenda
1441 2355 1657 2411 Scriptura
1678 2363 1776 2396 sunt

304 2424 567 2481 praeferendi.
608 2425 725 2466 Usus
746 2426 920 2466 Patrum
941 2434 1023 2466 tam
1047 2424 1211 2481 amplus
1232 2439 1313 2465 non
1335 2434 1409 2474 est,
1431 2438 1558 2480 quam
1580 2422 1656 2464 sibi
1678 2437 1775 2464 eum

307 2492 495 2533 nonnulli
517 2493 695 2548 fingunt.

375 2617 620 2663 Hactenus
657 2617 875 2662 WVolfius.
946 2617 1092 2677 Cujus
1129 2618 1441 2663 dissertationi
1474 2632 1581 2677 quae
1616 2617 1666 2661 in
1701 2631 1777 2661 ea-

309 2701 416 2745 dem
462 2701 658 2745 materie
697 2699 959 2758 adjicienda
1003 2699 1204 2744 habeam
1245 2700 1303 2744 acl
1345 2705 1440 2744 tres
1480 2699 1776 2759 potissimum

308 2784 585 2842 quaestiones
624 2782 871 2827 commode
909 2783 1069 2828 referri
1110 2798 1245 2842 posse
1292 2783 1525 2827 videntur.
1609 2784 1652 2826 1.
1699 2780 1776 2826 De

309 2863 595 2908 Catenarum
633 2862 950 2924 Antiquitate.
1039 2869 1097 2910 2..
1137 2864 1217 2910 An
1257 2865 1462 2926 genuina
1498 2864 1776 2924 plerumque

309 2947 402 2991 sint
438 2945 638 2991 Patrum
668 2952 892 3006 excerpta
927 2963 1028 3007 quae
1064 2948 1111 2991 in
1150 2948 1205 2992 iis
1235 2952 1547 3007 exponuntur.
1619 2949 1662 2991 3.
1701 2944 1776 2990 De

309 3028 571 3073 istiusmodi
596 3028 1054 3074 Commentariorum
1078 3028 1300 3074 utilitate.
