<?xml version="1.0" encoding="UTF-8"?>
<!DOCTYPE html PUBLIC "-//W3C//DTD XHTML 1.0 Transitional//EN"
    "http://www.w3.org/TR/xhtml1/DTD/xhtml1-transitional.dtd">
<html xmlns="http://www.w3.org/1999/xhtml" xml:lang="en" lang="en">
 <head>
  <title>
</title>
<meta http-equiv="Content-Type" content="text/html;charset=utf-8" />
  <meta name='ocr-system' content='tesseract 3.04.00' />
  <meta name='ocr-capabilities' content='ocr_page ocr_carea ocr_par ocr_line ocrx_word'/>
</head>
<body>
  <div class='ocr_page' id='page_1' title='image "./catenaegraecorum01cramuoft_0033.png"; bbox 0 0 1864 3380; ppageno 0'>
   <div class='ocr_carea' id='block_1_1' title="bbox 649 237 1570 284">
    <p class='ocr_par' dir='ltr' id='par_1_1' title="bbox 649 237 1570 284">
     <span class='ocr_line' id='line_1_1' title="bbox 649 237 1570 284; baseline -0.004 -1"><span class='ocrx_word' id='word_1_1' title='bbox 649 242 793 283; x_wconf 84' lang='lat' dir='ltr'>PRAE</span> <span class='ocrx_word' id='word_1_2' title='bbox 805 242 936 284; x_wconf 87' lang='lat' dir='ltr'>FAT</span> <span class='ocrx_word' id='word_1_3' title='bbox 947 243 968 284; x_wconf 89' lang='lat'>1</span> <span class='ocrx_word' id='word_1_4' title='bbox 978 242 1028 284; x_wconf 91' lang='lat' dir='ltr'>O.</span> <span class='ocrx_word' id='word_1_5' title='bbox 1454 237 1570 280; x_wconf 85' lang='lat' dir='ltr'>xxvii</span> 
     </span>
    </p>
   </div>
   <div class='ocr_carea' id='block_1_2' title="bbox 102 348 1582 2986">
    <p class='ocr_par' dir='ltr' id='par_1_2' title="bbox 102 348 1576 909">
     <span class='ocr_line' id='line_1_2' title="bbox 103 348 1569 412; baseline -0.003 -13"><span class='ocrx_word' id='word_1_6' title='bbox 103 352 325 400; x_wconf 85' lang='lat' dir='ltr'>Possinus</span> <span class='ocrx_word' id='word_1_7' title='bbox 347 368 443 399; x_wconf 90' lang='lat' dir='ltr'>una</span> <span class='ocrx_word' id='word_1_8' title='bbox 465 367 574 399; x_wconf 93' lang='lat' dir='ltr'>cum</span> <span class='ocrx_word' id='word_1_9' title='bbox 598 351 965 406; x_wconf 80' lang='lat' dir='ltr'>Commentario,</span> <span class='ocrx_word' id='word_1_10' title='bbox 991 366 1134 412; x_wconf 90' lang='lat' dir='ltr'>quem</span> <span class='ocrx_word' id='word_1_11' title='bbox 1159 367 1185 397; x_wconf 90' lang='lat' dir='ltr'>e</span> <span class='ocrx_word' id='word_1_12' title='bbox 1209 350 1394 396; x_wconf 91' lang='lat' dir='ltr'>duobus</span> <span class='ocrx_word' id='word_1_13' title='bbox 1419 348 1569 395; x_wconf 85' lang='lat' dir='ltr'>Codd.</span> 
     </span>
     <span class='ocr_line' id='line_1_3' title="bbox 102 431 1572 491; baseline -0.003 -9"><span class='ocrx_word' id='word_1_14' title='bbox 102 435 339 491; x_wconf 86' lang='lat' dir='ltr'>conflavit,</span> <span class='ocrx_word' id='word_1_15' title='bbox 363 451 458 481; x_wconf 93' lang='lat' dir='ltr'>uno</span> <span class='ocrx_word' id='word_1_16' title='bbox 480 434 712 481; x_wconf 85' lang='lat' dir='ltr'>Tolosano</span> <span class='ocrx_word' id='word_1_17' title='bbox 737 450 764 481; x_wconf 90' lang='lat' dir='ltr'>e</span> <span class='ocrx_word' id='word_1_18' title='bbox 787 433 1088 480; x_wconf 79' lang='lat' dir='ltr'>Bibliotheca</span> <span class='ocrx_word' id='word_1_19' title='bbox 1122 433 1279 480; x_wconf 89' lang='lat' dir='ltr'>Caroli</span> <span class='ocrx_word' id='word_1_20' title='bbox 1314 433 1373 479; x_wconf 87' lang='lat' dir='ltr'>de</span> <span class='ocrx_word' id='word_1_21' title='bbox 1405 431 1572 478; x_wconf 90' lang='lat' dir='ltr'>Mont-</span> 
     </span>
     <span class='ocr_line' id='line_1_4' title="bbox 102 514 1574 579; baseline -0.003 -14"><span class='ocrx_word' id='word_1_22' title='bbox 102 518 208 565; x_wconf 88' lang='lat' dir='ltr'>chal</span> <span class='ocrx_word' id='word_1_23' title='bbox 231 518 602 579; x_wconf 89' lang='lat' dir='ltr'>Archiepiscopo</span> <span class='ocrx_word' id='word_1_24' title='bbox 630 516 823 571; x_wconf 86' lang='lat' dir='ltr'>Tolosae,</span> <span class='ocrx_word' id='word_1_25' title='bbox 847 517 997 563; x_wconf 88' lang='lat' dir='ltr'>altero</span> <span class='ocrx_word' id='word_1_26' title='bbox 1016 516 1267 570; x_wconf 89' lang='lat' dir='ltr'>Vaticano,</span> <span class='ocrx_word' id='word_1_27' title='bbox 1293 531 1435 576; x_wconf 92' lang='lat' dir='ltr'>quem</span> <span class='ocrx_word' id='word_1_28' title='bbox 1460 514 1574 561; x_wconf 88' lang='lat' dir='ltr'>Cor-</span> 
     </span>
     <span class='ocr_line' id='line_1_5' title="bbox 103 599 1575 662; baseline -0.002 -15"><span class='ocrx_word' id='word_1_29' title='bbox 103 602 259 647; x_wconf 89' lang='lat' dir='ltr'>derius</span> <span class='ocrx_word' id='word_1_30' title='bbox 283 601 592 662; x_wconf 77' lang='lat' dir='ltr'>descripserat</span> <span class='ocrx_word' id='word_1_31' title='bbox 616 605 666 646; x_wconf 89' lang='lat' dir='ltr'>et</span> <span class='ocrx_word' id='word_1_32' title='bbox 690 599 886 646; x_wconf 89' lang='lat' dir='ltr'>Possino</span> <span class='ocrx_word' id='word_1_33' title='bbox 917 599 1189 645; x_wconf 86' lang='lat' dir='ltr'>donaverat.</span> <span class='ocrx_word' id='word_1_34' title='bbox 1220 611 1225 619; x_wconf 65' lang='lat'><em>²</em></span> <span class='ocrx_word' id='word_1_35' title='bbox 1261 599 1399 645; x_wconf 88' lang='lat' dir='ltr'>Idem</span> <span class='ocrx_word' id='word_1_36' title='bbox 1428 599 1575 644; x_wconf 88' lang='lat' dir='ltr'>etiam</span> 
     </span>
     <span class='ocr_line' id='line_1_6' title="bbox 104 680 1576 743; baseline -0.003 -12"><span class='ocrx_word' id='word_1_37' title='bbox 104 683 315 731; x_wconf 89' lang='lat' dir='ltr'>Victoris</span> <span class='ocrx_word' id='word_1_38' title='bbox 361 683 770 730; x_wconf 85' lang='lat' dir='ltr'>Commentarium</span> <span class='ocrx_word' id='word_1_39' title='bbox 817 682 982 729; x_wconf 84' lang='lat' dir='ltr'>Graece</span> <span class='ocrx_word' id='word_1_40' title='bbox 1023 682 1330 743; x_wconf 79' lang='lat' dir='ltr'>descripserat</span> <span class='ocrx_word' id='word_1_41' title='bbox 1377 697 1438 727; x_wconf 87' lang='lat' dir='ltr'>ex</span> <span class='ocrx_word' id='word_1_42' title='bbox 1483 680 1576 727; x_wconf 89' lang='lat' dir='ltr'>alio</span> 
     </span>
     <span class='ocr_line' id='line_1_7' title="bbox 102 763 1576 827; baseline -0.002 -15"><span class='ocrx_word' id='word_1_43' title='bbox 102 767 283 813; x_wconf 84' lang='lat' dir='ltr'>incerto</span> <span class='ocrx_word' id='word_1_44' title='bbox 307 765 510 821; x_wconf 80' lang='lat' dir='ltr'>Codice3</span> <span class='ocrx_word' id='word_1_45' title='bbox 537 781 645 827; x_wconf 88' lang='lat' dir='ltr'>quae</span> <span class='ocrx_word' id='word_1_46' title='bbox 669 766 828 811; x_wconf 89' lang='lat' dir='ltr'>omnia</span> <span class='ocrx_word' id='word_1_47' title='bbox 851 764 1074 811; x_wconf 88' lang='lat' dir='ltr'>Possinus</span> <span class='ocrx_word' id='word_1_48' title='bbox 1098 765 1349 820; x_wconf 86' lang='lat' dir='ltr'>recensuit,</span> <span class='ocrx_word' id='word_1_49' title='bbox 1370 770 1420 810; x_wconf 85' lang='lat' dir='ltr'>et</span> <span class='ocrx_word' id='word_1_50' title='bbox 1444 763 1576 809; x_wconf 90' lang='lat' dir='ltr'>Lati-</span> 
     </span>
     <span class='ocr_line' id='line_1_8' title="bbox 103 846 1574 909; baseline -0.003 -14"><span class='ocrx_word' id='word_1_51' title='bbox 103 864 214 896; x_wconf 90' lang='lat' dir='ltr'>nam</span> <span class='ocrx_word' id='word_1_52' title='bbox 237 849 502 896; x_wconf 88' lang='lat' dir='ltr'>versionem</span> <span class='ocrx_word' id='word_1_53' title='bbox 525 848 707 895; x_wconf 89' lang='lat' dir='ltr'>addidit</span> <span class='ocrx_word' id='word_1_54' title='bbox 730 853 874 909; x_wconf 90' lang='lat' dir='ltr'>atque</span> <span class='ocrx_word' id='word_1_55' title='bbox 898 847 1110 909; x_wconf 86' lang='lat' dir='ltr'>vulgavit</span> <span class='ocrx_word' id='word_1_56' title='bbox 1134 847 1299 893; x_wconf 85' lang='lat' dir='ltr'>Romae</span> <span class='ocrx_word' id='word_1_57' title='bbox 1325 846 1469 897; x_wconf 82' lang='lat'>1673.</span> <span class='ocrx_word' id='word_1_58' title='bbox 1495 846 1574 892; x_wconf 90' lang='lat' dir='ltr'>fol.</span> 
     </span>
    </p>

    <p class='ocr_par' dir='ltr' id='par_1_3' title="bbox 104 930 1582 2986">
     <span class='ocr_line' id='line_1_9' title="bbox 185 930 1577 993; baseline -0.002 -15"><span class='ocrx_word' id='word_1_59' title='bbox 185 931 372 979; x_wconf 86' lang='lat' dir='ltr'>Verum</span> <span class='ocrx_word' id='word_1_60' title='bbox 411 937 573 978; x_wconf 89' lang='lat' dir='ltr'>autem</span> <span class='ocrx_word' id='word_1_61' title='bbox 613 932 805 978; x_wconf 90' lang='lat' dir='ltr'>omnino</span> <span class='ocrx_word' id='word_1_62' title='bbox 845 935 931 986; x_wconf 91' lang='lat' dir='ltr'>est,</span> <span class='ocrx_word' id='word_1_63' title='bbox 967 932 1093 993; x_wconf 89' lang='lat' dir='ltr'>quod</span> <span class='ocrx_word' id='word_1_64' title='bbox 1139 931 1369 978; x_wconf 88' lang='lat' dir='ltr'>Ricardus</span> <span class='ocrx_word' id='word_1_65' title='bbox 1410 930 1577 976; x_wconf 85' lang='lat' dir='ltr'>Simon</span> 
     </span>
     <span class='ocr_line' id='line_1_10' title="bbox 104 1013 1577 1077; baseline -0.002 -15"><span class='ocrx_word' id='word_1_66' title='bbox 104 1016 268 1063; x_wconf 88' lang='lat' dir='ltr'>asserit</span> <span class='ocrx_word' id='word_1_67' title='bbox 298 1017 349 1062; x_wconf 91' lang='lat' dir='ltr'>in</span> <span class='ocrx_word' id='word_1_68' title='bbox 382 1015 510 1062; x_wconf 90' lang='lat' dir='ltr'>Hist.</span> <span class='ocrx_word' id='word_1_69' title='bbox 535 1014 652 1061; x_wconf 82' lang='lat' dir='ltr'>Crit.</span> <span class='ocrx_word' id='word_1_70' title='bbox 677 1013 804 1060; x_wconf 75' lang='lat' dir='ltr'>Nov,</span> <span class='ocrx_word' id='word_1_71' title='bbox 828 1014 954 1061; x_wconf 85' lang='lat' dir='ltr'>Test.</span> <span class='ocrx_word' id='word_1_72' title='bbox 980 1032 1019 1062; x_wconf 91' lang='lat' dir='ltr'>c.</span> <span class='ocrx_word' id='word_1_73' title='bbox 1045 1015 1218 1061; x_wconf 90' lang='lat' dir='ltr'><strong>XXX.</strong></span> <span class='ocrx_word' id='word_1_74' title='bbox 1243 1031 1288 1077; x_wconf 91' lang='lat' dir='ltr'>p.</span> <span class='ocrx_word' id='word_1_75' title='bbox 1314 1018 1425 1069; x_wconf 76' lang='lat'>427,</span> <span class='ocrx_word' id='word_1_76' title='bbox 1449 1014 1577 1060; x_wconf 87' lang='lat' dir='ltr'>hunc</span> 
     </span>
     <span class='ocr_line' id='line_1_11' title="bbox 106 1098 1578 1158; baseline -0.001 -12"><span class='ocrx_word' id='word_1_77' title='bbox 106 1099 317 1147; x_wconf 89' lang='lat' dir='ltr'>Victoris</span> <span class='ocrx_word' id='word_1_78' title='bbox 363 1098 771 1146; x_wconf 84' lang='lat' dir='ltr'>Commentarium</span> <span class='ocrx_word' id='word_1_79' title='bbox 822 1099 1031 1158; x_wconf 89' lang='lat' dir='ltr'>potuisse</span> <span class='ocrx_word' id='word_1_80' title='bbox 1082 1099 1236 1145; x_wconf 89' lang='lat' dir='ltr'>multo</span> <span class='ocrx_word' id='word_1_81' title='bbox 1281 1099 1578 1144; x_wconf 86' lang='lat' dir='ltr'>emendatius</span> 
     </span>
     <span class='ocr_line' id='line_1_12' title="bbox 106 1180 1577 1242; baseline -0.001 -13"><span class='ocrx_word' id='word_1_82' title='bbox 106 1183 205 1229; x_wconf 90' lang='lat' dir='ltr'>dari</span> <span class='ocrx_word' id='word_1_83' title='bbox 233 1198 261 1228; x_wconf 89' lang='lat' dir='ltr'>e</span> <span class='ocrx_word' id='word_1_84' title='bbox 291 1181 440 1229; x_wconf 86' lang='lat' dir='ltr'>Godd.</span> <span class='ocrx_word' id='word_1_85' title='bbox 466 1182 590 1228; x_wconf 91' lang='lat' dir='ltr'>Bibl.</span> <span class='ocrx_word' id='word_1_86' title='bbox 617 1181 735 1242; x_wconf 82' lang='lat' dir='ltr'>Reg.</span> <span class='ocrx_word' id='word_1_87' title='bbox 766 1180 910 1227; x_wconf 88' lang='lat' dir='ltr'>Paris.</span> <span class='ocrx_word' id='word_1_88' title='bbox 983 1181 1091 1242; x_wconf 90' lang='lat' dir='ltr'>Ipse</span> <span class='ocrx_word' id='word_1_89' title='bbox 1114 1186 1276 1228; x_wconf 90' lang='lat' dir='ltr'>autem</span> <span class='ocrx_word' id='word_1_90' title='bbox 1300 1182 1484 1227; x_wconf 87' lang='lat' dir='ltr'>notavit</span> <span class='ocrx_word' id='word_1_91' title='bbox 1507 1181 1577 1227; x_wconf 91' lang='lat' dir='ltr'>in-</span> 
     </span>
     <span class='ocr_line' id='line_1_13' title="bbox 104 1263 1577 1328; baseline -0.001 -16"><span class='ocrx_word' id='word_1_92' title='bbox 104 1266 258 1328; x_wconf 88' lang='lat' dir='ltr'>signes</span> <span class='ocrx_word' id='word_1_93' title='bbox 292 1265 518 1327; x_wconf 91' lang='lat' dir='ltr'>quasdam</span> <span class='ocrx_word' id='word_1_94' title='bbox 552 1263 900 1325; x_wconf 88' lang='lat' dir='ltr'>discrepantias,</span> <span class='ocrx_word' id='word_1_95' title='bbox 924 1278 1032 1324; x_wconf 91' lang='lat' dir='ltr'>quae</span> <span class='ocrx_word' id='word_1_96' title='bbox 1063 1266 1113 1309; x_wconf 91' lang='lat' dir='ltr'>in</span> <span class='ocrx_word' id='word_1_97' title='bbox 1150 1263 1298 1310; x_wconf 81' lang='lat' dir='ltr'><strong>MSS.</strong></span> <span class='ocrx_word' id='word_1_98' title='bbox 1333 1265 1577 1310; x_wconf 82' lang='lat' dir='ltr'>exstarent</span> 
     </span>
     <span class='ocr_line' id='line_1_14' title="bbox 106 1346 1576 1410; baseline -0.001 -15"><span class='ocrx_word' id='word_1_99' title='bbox 106 1350 230 1395; x_wconf 88' lang='lat' dir='ltr'>circa</span> <span class='ocrx_word' id='word_1_100' title='bbox 274 1348 374 1410; x_wconf 87' lang='lat' dir='ltr'>ejus</span> <span class='ocrx_word' id='word_1_101' title='bbox 423 1347 649 1394; x_wconf 88' lang='lat' dir='ltr'>Auctoris</span> <span class='ocrx_word' id='word_1_102' title='bbox 694 1362 883 1402; x_wconf 91' lang='lat' dir='ltr'>nomen,</span> <span class='ocrx_word' id='word_1_103' title='bbox 924 1362 1071 1407; x_wconf 91' lang='lat' dir='ltr'>quum</span> <span class='ocrx_word' id='word_1_104' title='bbox 1117 1347 1196 1393; x_wconf 90' lang='lat' dir='ltr'>alii</span> <span class='ocrx_word' id='word_1_105' title='bbox 1243 1346 1454 1409; x_wconf 86' lang='lat' dir='ltr'>Origeni,</span> <span class='ocrx_word' id='word_1_106' title='bbox 1497 1347 1576 1393; x_wconf 86' lang='lat' dir='ltr'>alii</span> 
     </span>
     <span class='ocr_line' id='line_1_15' title="bbox 107 1430 1578 1493; baseline -0.001 -15"><span class='ocrx_word' id='word_1_107' title='bbox 107 1431 296 1493; x_wconf 87' lang='lat' dir='ltr'>Cyrillo,</span> <span class='ocrx_word' id='word_1_108' title='bbox 321 1432 482 1479; x_wconf 89' lang='lat' dir='ltr'>caeteri</span> <span class='ocrx_word' id='word_1_109' title='bbox 500 1437 675 1486; x_wconf 91' lang='lat' dir='ltr'>autem,</span> <span class='ocrx_word' id='word_1_110' title='bbox 694 1436 744 1477; x_wconf 90' lang='lat' dir='ltr'>et</span> <span class='ocrx_word' id='word_1_111' title='bbox 766 1431 799 1476; x_wconf 90' lang='lat' dir='ltr'>ii</span> <span class='ocrx_word' id='word_1_112' title='bbox 824 1430 1015 1490; x_wconf 89' lang='lat' dir='ltr'>quidem</span> <span class='ocrx_word' id='word_1_113' title='bbox 1038 1430 1208 1491; x_wconf 91' lang='lat' dir='ltr'>plures,</span> <span class='ocrx_word' id='word_1_114' title='bbox 1232 1430 1371 1476; x_wconf 89' lang='lat' dir='ltr'>illum</span> <span class='ocrx_word' id='word_1_115' title='bbox 1390 1430 1578 1477; x_wconf 89' lang='lat' dir='ltr'>Victori</span> 
     </span>
     <span class='ocr_line' id='line_1_16' title="bbox 106 1512 1577 1577; baseline 0 -17"><span class='ocrx_word' id='word_1_116' title='bbox 106 1515 381 1561; x_wconf 85' lang='lat' dir='ltr'>attribuant.</span> <span class='ocrx_word' id='word_1_117' title='bbox 452 1514 523 1561; x_wconf 91' lang='lat' dir='ltr'>Ut</span> <span class='ocrx_word' id='word_1_118' title='bbox 556 1515 606 1560; x_wconf 93' lang='lat' dir='ltr'>in</span> <span class='ocrx_word' id='word_1_119' title='bbox 642 1513 758 1560; x_wconf 76' lang='lat' dir='ltr'>O&#39;od.</span> <span class='ocrx_word' id='word_1_120' title='bbox 784 1514 902 1575; x_wconf 83' lang='lat' dir='ltr'>Reg.</span> <span class='ocrx_word' id='word_1_121' title='bbox 938 1517 1082 1560; x_wconf 76' lang='lat'>1882.</span> <span class='ocrx_word' id='word_1_122' title='bbox 1118 1519 1338 1560; x_wconf 90' lang='lat' dir='ltr'>notatum</span> <span class='ocrx_word' id='word_1_123' title='bbox 1374 1512 1577 1577; x_wconf 78' lang='grc' dir='ltr'>ἐπληρώθη</span> 
     </span>
     <span class='ocr_line' id='line_1_17' title="bbox 109 1593 1576 1662; baseline 0 -19"><span class='ocrx_word' id='word_1_124' title='bbox 109 1596 180 1644; x_wconf 75' lang='grc' dir='ltr'>σὺν</span> <span class='ocrx_word' id='word_1_125' title='bbox 214 1601 304 1662; x_wconf 76' lang='grc' dir='ltr'>Θεῷ</span> <span class='ocrx_word' id='word_1_126' title='bbox 335 1598 361 1655; x_wconf 80' lang='grc' dir='ltr'><em>ἦ</em></span> <span class='ocrx_word' id='word_1_127' title='bbox 395 1596 578 1660; x_wconf 78' lang='grc' dir='ltr'>ἑρμηνεία</span> <span class='ocrx_word' id='word_1_128' title='bbox 614 1601 683 1644; x_wconf 73' lang='grc' dir='ltr'>τοῦ</span> <span class='ocrx_word' id='word_1_129' title='bbox 718 1595 824 1643; x_wconf 76' lang='grc' dir='ltr'>κατὰ</span> <span class='ocrx_word' id='word_1_130' title='bbox 859 1595 1025 1659; x_wconf 79' lang='grc' dir='ltr'><em>Μάρκον</em></span> <span class='ocrx_word' id='word_1_131' title='bbox 1055 1593 1171 1658; x_wconf 73' lang='grc' dir='ltr'><em>ἁγίου</em></span> <span class='ocrx_word' id='word_1_132' title='bbox 1207 1595 1464 1659; x_wconf 77' lang='grc' dir='ltr'><em>Εὗαγγελῖου</em></span> <span class='ocrx_word' id='word_1_133' title='bbox 1498 1595 1576 1643; x_wconf 73' lang='grc' dir='ltr'>ἀπὸ</span> 
     </span>
     <span class='ocr_line' id='line_1_18' title="bbox 108 1672 1576 1743; baseline 0 -17"><span class='ocrx_word' id='word_1_134' title='bbox 108 1672 254 1739; x_wconf 61' lang='grc' dir='ltr'><strong><em>φωνῆξ,</em></strong></span> <span class='ocrx_word' id='word_1_135' title='bbox 294 1678 332 1726; x_wconf 72' lang='grc' dir='ltr'>ἕν</span> <span class='ocrx_word' id='word_1_136' title='bbox 377 1700 484 1726; x_wconf 81' lang='grc' dir='ltr'><em>τισιν</em></span> <span class='ocrx_word' id='word_1_137' title='bbox 526 1677 632 1742; x_wconf 67' lang='grc' dir='ltr'><em>εῧρον</em></span> <span class='ocrx_word' id='word_1_138' title='bbox 673 1676 878 1742; x_wconf 74' lang='grc' dir='ltr'>Κυρῖλλου</span> <span class='ocrx_word' id='word_1_139' title='bbox 920 1678 1214 1743; x_wconf 66' lang='grc' dir='ltr'>Ἀλεξανδρέως,</span> <span class='ocrx_word' id='word_1_140' title='bbox 1263 1680 1300 1727; x_wconf 78' lang='grc' dir='ltr'>ἓν</span> <span class='ocrx_word' id='word_1_141' title='bbox 1344 1679 1487 1732; x_wconf 75' lang='grc' dir='ltr'><strong><em>ἄλλοις</em></strong></span> <span class='ocrx_word' id='word_1_142' title='bbox 1535 1680 1576 1727; x_wconf 72' lang='grc' dir='ltr'>δὲ</span> 
     </span>
     <span class='ocr_line' id='line_1_19' title="bbox 108 1761 1578 1827; baseline 0.001 -17"><span class='ocrx_word' id='word_1_143' title='bbox 108 1761 296 1826; x_wconf 77' lang='grc' dir='ltr'><em>Βίκτορος</em></span> <span class='ocrx_word' id='word_1_144' title='bbox 321 1763 612 1827; x_wconf 72' lang='grc' dir='ltr'><em>πρεσβυτέρου.</em></span> <span class='ocrx_word' id='word_1_145' title='bbox 662 1764 719 1809; x_wconf 92' lang='lat' dir='ltr'>In</span> <span class='ocrx_word' id='word_1_146' title='bbox 743 1764 860 1810; x_wconf 85' lang='lat' dir='ltr'>Cod.</span> <span class='ocrx_word' id='word_1_147' title='bbox 879 1770 1039 1811; x_wconf 80' lang='lat' dir='ltr'>autem</span> <span class='ocrx_word' id='word_1_148' title='bbox 1059 1765 1225 1826; x_wconf 83' lang='lat' dir='ltr'>Regio,</span> <span class='ocrx_word' id='word_1_149' title='bbox 1244 1767 1388 1811; x_wconf 83' lang='lat'>1883.</span> <span class='ocrx_word' id='word_1_150' title='bbox 1409 1766 1578 1811; x_wconf 79' lang='lat' dir='ltr'>eodem</span> 
     </span>
     <span class='ocr_line' id='line_1_20' title="bbox 108 1844 1580 1909; baseline 0 -16"><span class='ocrx_word' id='word_1_151' title='bbox 108 1852 231 1893; x_wconf 73' lang='lat' dir='ltr'>teste</span> <span class='ocrx_word' id='word_1_152' title='bbox 254 1847 347 1909; x_wconf 86' lang='lat' dir='ltr'>leg.</span> <span class='ocrx_word' id='word_1_153' title='bbox 378 1844 590 1899; x_wconf 69' lang='lat' dir='ltr'>‘Two&#39;Ow-ts·</span> <span class='ocrx_word' id='word_1_154' title='bbox 614 1846 670 1899; x_wconf 80' lang='grc' dir='ltr'>εἷς</span> <span class='ocrx_word' id='word_1_155' title='bbox 693 1845 739 1893; x_wconf 69' lang='grc' dir='ltr'>τὸ</span> <span class='ocrx_word' id='word_1_156' title='bbox 763 1846 870 1893; x_wconf 75' lang='grc' dir='ltr'>κατὰ</span> <span class='ocrx_word' id='word_1_157' title='bbox 905 1847 1070 1909; x_wconf 81' lang='grc' dir='ltr'><em>Μάρκον</em></span> <span class='ocrx_word' id='word_1_158' title='bbox 1098 1844 1212 1909; x_wconf 75' lang='grc' dir='ltr'><em>ἅγιον</em></span> <span class='ocrx_word' id='word_1_159' title='bbox 1248 1845 1500 1909; x_wconf 78' lang='grc' dir='ltr'><em>Εὖαγγέλιον</em></span> <span class='ocrx_word' id='word_1_160' title='bbox 1535 1847 1580 1894; x_wconf 81' lang='grc' dir='ltr'>ἔκ</span> 
     </span>
     <span class='ocr_line' id='line_1_21' title="bbox 108 1926 1576 1994; baseline 0.002 -19"><span class='ocrx_word' id='word_1_161' title='bbox 108 1933 182 1986; x_wconf 71' lang='grc' dir='ltr'><strong><em>τῆς·</em></strong></span> <span class='ocrx_word' id='word_1_162' title='bbox 205 1928 262 1981; x_wconf 82' lang='grc' dir='ltr'>εἷς</span> <span class='ocrx_word' id='word_1_163' title='bbox 292 1926 411 1975; x_wconf 67' lang='grc' dir='ltr'><em>αὐτὸν</em></span> <span class='ocrx_word' id='word_1_164' title='bbox 444 1928 651 1992; x_wconf 75' lang='grc' dir='ltr'><em>ἑρμηνείας</em></span> <span class='ocrx_word' id='word_1_165' title='bbox 685 1935 754 1977; x_wconf 75' lang='grc' dir='ltr'>τοῦ</span> <span class='ocrx_word' id='word_1_166' title='bbox 790 1930 827 1977; x_wconf 83' lang='grc' dir='ltr'>ἐν</span> <span class='ocrx_word' id='word_1_167' title='bbox 860 1929 990 1992; x_wconf 74' lang='grc' dir='ltr'><em>ἁγίοις</em></span> <span class='ocrx_word' id='word_1_168' title='bbox 1026 1929 1231 1994; x_wconf 72' lang='grc' dir='ltr'><strong>Κυρῖλλου</strong></span> <span class='ocrx_word' id='word_1_169' title='bbox 1269 1929 1576 1994; x_wconf 70' lang='grc' dir='ltr'><em>Ἀλεξανδρείας.</em></span> 
     </span>
     <span class='ocr_line' id='line_1_22' title="bbox 109 2010 1579 2076; baseline 0.003 -20"><span class='ocrx_word' id='word_1_170' title='bbox 109 2010 180 2057; x_wconf 75' lang='lat' dir='ltr'>At</span> <span class='ocrx_word' id='word_1_171' title='bbox 203 2012 254 2057; x_wconf 83' lang='lat' dir='ltr'>in</span> <span class='ocrx_word' id='word_1_172' title='bbox 277 2011 393 2058; x_wconf 81' lang='lat' dir='ltr'>Ood.</span> <span class='ocrx_word' id='word_1_173' title='bbox 415 2016 560 2059; x_wconf 77' lang='lat'><strong>2330.</strong></span> <span class='ocrx_word' id='word_1_174' title='bbox 581 2010 809 2075; x_wconf 74' lang='grc' dir='ltr'><em>Ὠριγένους</em></span> <span class='ocrx_word' id='word_1_175' title='bbox 836 2012 1030 2076; x_wconf 69' lang='grc' dir='ltr'><em>πρόλογος</em></span> <span class='ocrx_word' id='word_1_176' title='bbox 1062 2013 1120 2066; x_wconf 83' lang='grc' dir='ltr'>εἷς</span> <span class='ocrx_word' id='word_1_177' title='bbox 1155 2012 1357 2076; x_wconf 75' lang='grc' dir='ltr'><em>ἑρμηνείαν</em></span> <span class='ocrx_word' id='word_1_178' title='bbox 1380 2019 1449 2061; x_wconf 75' lang='grc' dir='ltr'>τοῦ</span> <span class='ocrx_word' id='word_1_179' title='bbox 1472 2013 1579 2060; x_wconf 73' lang='grc' dir='ltr'>κατὰ</span> 
     </span>
     <span class='ocr_line' id='line_1_23' title="bbox 108 2093 1580 2158; baseline 0.003 -19"><span class='ocrx_word' id='word_1_180' title='bbox 108 2093 274 2156; x_wconf 76' lang='grc' dir='ltr'><em>Μάρκον</em></span> <span class='ocrx_word' id='word_1_181' title='bbox 317 2093 432 2156; x_wconf 76' lang='grc' dir='ltr'><em>ἁγίου</em></span> <span class='ocrx_word' id='word_1_182' title='bbox 479 2093 748 2158; x_wconf 70' lang='grc' dir='ltr'><strong><em>Εὖαγγελιὀυ.</em></strong></span> <span class='ocrx_word' id='word_1_183' title='bbox 831 2097 973 2152; x_wconf 83' lang='lat' dir='ltr'>Quod</span> <span class='ocrx_word' id='word_1_184' title='bbox 1018 2104 1180 2144; x_wconf 73' lang='lat' dir='ltr'>autem</span> <span class='ocrx_word' id='word_1_185' title='bbox 1220 2098 1470 2145; x_wconf 71' lang='lat' dir='ltr'>affirmavit</span> <span class='ocrx_word' id='word_1_186' title='bbox 1510 2100 1580 2144; x_wconf 86' lang='lat' dir='ltr'>vir</span> 
     </span>
     <span class='ocr_line' id='line_1_24' title="bbox 109 2177 1579 2240; baseline 0.003 -18"><span class='ocrx_word' id='word_1_187' title='bbox 109 2177 400 2238; x_wconf 81' lang='lat' dir='ltr'>caeteroquin</span> <span class='ocrx_word' id='word_1_188' title='bbox 435 2179 602 2239; x_wconf 88' lang='lat' dir='ltr'>optimi</span> <span class='ocrx_word' id='word_1_189' title='bbox 633 2179 803 2239; x_wconf 90' lang='lat' dir='ltr'>judicii</span> <span class='ocrx_word' id='word_1_190' title='bbox 838 2185 888 2226; x_wconf 82' lang='lat' dir='ltr'>et</span> <span class='ocrx_word' id='word_1_191' title='bbox 937 2180 1326 2234; x_wconf 85' lang='lat' dir='ltr'>accuratissimus,</span> <span class='ocrx_word' id='word_1_192' title='bbox 1367 2181 1579 2240; x_wconf 87' lang='lat' dir='ltr'>ejusdem</span> 
     </span>
     <span class='ocr_line' id='line_1_25' title="bbox 109 2261 1582 2323; baseline 0.002 -17"><span class='ocrx_word' id='word_1_193' title='bbox 109 2275 211 2306; x_wconf 89' lang='lat' dir='ltr'>esse</span> <span class='ocrx_word' id='word_1_194' title='bbox 240 2275 403 2308; x_wconf 88' lang='lat' dir='ltr'>omnes</span> <span class='ocrx_word' id='word_1_195' title='bbox 426 2261 767 2309; x_wconf 85' lang='lat' dir='ltr'>Commentarii</span> <span class='ocrx_word' id='word_1_196' title='bbox 802 2262 1104 2323; x_wconf 85' lang='lat' dir='ltr'>exemplaria,</span> <span class='ocrx_word' id='word_1_197' title='bbox 1139 2278 1234 2308; x_wconf 90' lang='lat' dir='ltr'>non</span> <span class='ocrx_word' id='word_1_198' title='bbox 1271 2263 1371 2309; x_wconf 86' lang='lat' dir='ltr'>sine</span> <span class='ocrx_word' id='word_1_199' title='bbox 1407 2263 1582 2309; x_wconf 51' lang='lat' dir='ltr'>limitae</span> 
     </span>
     <span class='ocr_line' id='line_1_26' title="bbox 109 2343 1581 2404; baseline 0.003 -16"><span class='ocrx_word' id='word_1_200' title='bbox 109 2343 241 2389; x_wconf 85' lang='lat' dir='ltr'>tione</span> <span class='ocrx_word' id='word_1_201' title='bbox 277 2346 644 2404; x_wconf 87' lang='lat' dir='ltr'>pronunciasset,</span> <span class='ocrx_word' id='word_1_202' title='bbox 679 2347 719 2392; x_wconf 88' lang='lat' dir='ltr'>si</span> <span class='ocrx_word' id='word_1_203' title='bbox 766 2346 852 2392; x_wconf 89' lang='lat' dir='ltr'>hos</span> <span class='ocrx_word' id='word_1_204' title='bbox 888 2347 1014 2392; x_wconf 87' lang='lat' dir='ltr'>inter</span> <span class='ocrx_word' id='word_1_205' title='bbox 1050 2361 1100 2392; x_wconf 91' lang='lat' dir='ltr'>se</span> <span class='ocrx_word' id='word_1_206' title='bbox 1139 2347 1369 2393; x_wconf 89' lang='lat' dir='ltr'>attentius</span> <span class='ocrx_word' id='word_1_207' title='bbox 1414 2353 1581 2393; x_wconf 90' lang='lat' dir='ltr'>contu-</span> 
     </span>
     <span class='ocr_line' id='line_1_27' title="bbox 110 2416 1580 2489; baseline 0.003 -18"><span class='ocrx_word' id='word_1_208' title='bbox 110 2425 255 2472; x_wconf 89' lang='lat' dir='ltr'>lisset.</span> <span class='ocrx_word' id='word_1_209' title='bbox 327 2426 454 2482; x_wconf 85' lang='lat' dir='ltr'>Quid</span> <span class='ocrx_word' id='word_1_210' title='bbox 478 2433 640 2473; x_wconf 88' lang='lat' dir='ltr'>autem</span> <span class='ocrx_word' id='word_1_211' title='bbox 663 2429 723 2474; x_wconf 90' lang='lat' dir='ltr'>de</span> <span class='ocrx_word' id='word_1_212' title='bbox 746 2416 835 2474; x_wconf 84' lang='lat' dir='ltr'>hac</span> <span class='ocrx_word' id='word_1_213' title='bbox 859 2430 1115 2489; x_wconf 85' lang='lat' dir='ltr'>quaestione</span> <span class='ocrx_word' id='word_1_214' title='bbox 1150 2430 1455 2476; x_wconf 88' lang='lat' dir='ltr'>statuendum</span> <span class='ocrx_word' id='word_1_215' title='bbox 1479 2445 1580 2476; x_wconf 87' lang='lat' dir='ltr'>esse</span> 
     </span>
     <span class='ocr_line' id='line_1_28' title="bbox 110 2509 1581 2573; baseline 0.002 -19"><span class='ocrx_word' id='word_1_216' title='bbox 110 2509 330 2570; x_wconf 87' lang='lat' dir='ltr'>comperi,</span> <span class='ocrx_word' id='word_1_217' title='bbox 355 2511 494 2556; x_wconf 85' lang='lat' dir='ltr'>variis</span> <span class='ocrx_word' id='word_1_218' title='bbox 524 2511 747 2571; x_wconf 89' lang='lat' dir='ltr'>inspectis</span> <span class='ocrx_word' id='word_1_219' title='bbox 782 2510 1048 2566; x_wconf 86' lang='lat' dir='ltr'>Codicibus,</span> <span class='ocrx_word' id='word_1_220' title='bbox 1073 2527 1199 2558; x_wconf 89' lang='lat' dir='ltr'>nunc</span> <span class='ocrx_word' id='word_1_221' title='bbox 1231 2512 1392 2573; x_wconf 89' lang='lat' dir='ltr'>paucis</span> <span class='ocrx_word' id='word_1_222' title='bbox 1428 2512 1581 2558; x_wconf 89' lang='lat' dir='ltr'>absol-</span> 
     </span>
     <span class='ocr_line' id='line_1_29' title="bbox 111 2591 1580 2656; baseline 0.004 -21"><span class='ocrx_word' id='word_1_223' title='bbox 111 2591 319 2636; x_wconf 85' lang='lat' dir='ltr'>vendum</span> <span class='ocrx_word' id='word_1_224' title='bbox 350 2597 438 2638; x_wconf 89' lang='lat' dir='ltr'>est.</span> <span class='ocrx_word' id='word_1_225' title='bbox 510 2592 635 2639; x_wconf 87' lang='lat' dir='ltr'>Satis</span> <span class='ocrx_word' id='word_1_226' title='bbox 658 2594 783 2639; x_wconf 88' lang='lat' dir='ltr'>inter</span> <span class='ocrx_word' id='word_1_227' title='bbox 805 2609 855 2640; x_wconf 91' lang='lat' dir='ltr'>se</span> <span class='ocrx_word' id='word_1_228' title='bbox 879 2596 1060 2641; x_wconf 86' lang='lat' dir='ltr'>variant</span> <span class='ocrx_word' id='word_1_229' title='bbox 1085 2594 1283 2641; x_wconf 88' lang='lat' dir='ltr'>Codices</span> <span class='ocrx_word' id='word_1_230' title='bbox 1306 2596 1387 2656; x_wconf 90' lang='lat' dir='ltr'>qui</span> <span class='ocrx_word' id='word_1_231' title='bbox 1412 2593 1580 2641; x_wconf 88' lang='lat' dir='ltr'>Victo-</span> 
     </span>
     <span class='ocr_line' id='line_1_30' title="bbox 110 2672 1581 2739; baseline 0.003 -21"><span class='ocrx_word' id='word_1_232' title='bbox 110 2673 173 2719; x_wconf 86' lang='lat' dir='ltr'>ris</span> <span class='ocrx_word' id='word_1_233' title='bbox 213 2672 503 2721; x_wconf 88' lang='lat' dir='ltr'>Antiocheni</span> <span class='ocrx_word' id='word_1_234' title='bbox 543 2691 717 2723; x_wconf 89' lang='lat' dir='ltr'>nomen</span> <span class='ocrx_word' id='word_1_235' title='bbox 762 2678 1038 2738; x_wconf 83' lang='lat' dir='ltr'>praeferant3</span> <span class='ocrx_word' id='word_1_236' title='bbox 1086 2679 1169 2724; x_wconf 89' lang='lat' dir='ltr'>sed</span> <span class='ocrx_word' id='word_1_237' title='bbox 1208 2678 1394 2739; x_wconf 85' lang='lat' dir='ltr'>longius</span> <span class='ocrx_word' id='word_1_238' title='bbox 1427 2677 1581 2723; x_wconf 90' lang='lat' dir='ltr'>multo</span> 
     </span>
     <span class='ocr_line' id='line_1_31' title="bbox 112 2755 1581 2820; baseline 0.004 -19"><span class='ocrx_word' id='word_1_239' title='bbox 112 2755 171 2801; x_wconf 91' lang='lat' dir='ltr'>ab</span> <span class='ocrx_word' id='word_1_240' title='bbox 202 2756 258 2802; x_wconf 91' lang='lat' dir='ltr'>iis</span> <span class='ocrx_word' id='word_1_241' title='bbox 293 2756 469 2803; x_wconf 85' lang='lat' dir='ltr'>distant</span> <span class='ocrx_word' id='word_1_242' title='bbox 502 2758 571 2804; x_wconf 93' lang='lat' dir='ltr'>illi</span> <span class='ocrx_word' id='word_1_243' title='bbox 609 2760 688 2819; x_wconf 92' lang='lat' dir='ltr'>qui</span> <span class='ocrx_word' id='word_1_244' title='bbox 727 2759 902 2820; x_wconf 88' lang='lat' dir='ltr'>Cyrillo</span> <span class='ocrx_word' id='word_1_245' title='bbox 926 2759 1252 2806; x_wconf 85' lang='lat' dir='ltr'>Alexandrino</span> <span class='ocrx_word' id='word_1_246' title='bbox 1277 2760 1581 2807; x_wconf 85' lang='lat' dir='ltr'>Commenta-</span> 
     </span>
     <span class='ocr_line' id='line_1_32' title="bbox 111 2838 1580 2905; baseline 0.005 -23"><span class='ocrx_word' id='word_1_247' title='bbox 111 2838 235 2883; x_wconf 92' lang='lat' dir='ltr'>rium</span> <span class='ocrx_word' id='word_1_248' title='bbox 266 2838 497 2884; x_wconf 89' lang='lat' dir='ltr'>tribuunt.</span> <span class='ocrx_word' id='word_1_249' title='bbox 567 2839 801 2887; x_wconf 88' lang='lat' dir='ltr'>Postremi</span> <span class='ocrx_word' id='word_1_250' title='bbox 837 2845 964 2888; x_wconf 89' lang='lat' dir='ltr'>enim</span> <span class='ocrx_word' id='word_1_251' title='bbox 1001 2843 1119 2888; x_wconf 88' lang='lat' dir='ltr'>adeo</span> <span class='ocrx_word' id='word_1_252' title='bbox 1155 2848 1265 2888; x_wconf 89' lang='lat' dir='ltr'>sunt</span> <span class='ocrx_word' id='word_1_253' title='bbox 1301 2844 1580 2905; x_wconf 87' lang='lat' dir='ltr'>copiosiores</span> 
     </span>
     <span class='ocr_line' id='line_1_33' title="bbox 112 2921 1581 2986; baseline 0.005 -20"><span class='ocrx_word' id='word_1_254' title='bbox 112 2935 196 2980; x_wconf 92' lang='lat' dir='ltr'>per</span> <span class='ocrx_word' id='word_1_255' title='bbox 217 2926 375 2967; x_wconf 89' lang='lat' dir='ltr'>totum</span> <span class='ocrx_word' id='word_1_256' title='bbox 400 2921 818 2978; x_wconf 85' lang='lat' dir='ltr'>Comment-arium‚</span> <span class='ocrx_word' id='word_1_257' title='bbox 843 2930 898 2970; x_wconf 84' lang='lat' dir='ltr'>ut</span> <span class='ocrx_word' id='word_1_258' title='bbox 924 2925 1041 2970; x_wconf 88' lang='lat' dir='ltr'>mihi</span> <span class='ocrx_word' id='word_1_259' title='bbox 1072 2941 1345 2986; x_wconf 85' lang='lat' dir='ltr'>persuasum</span> <span class='ocrx_word' id='word_1_260' title='bbox 1370 2928 1431 2974; x_wconf 88' lang='lat' dir='ltr'>sit</span> <span class='ocrx_word' id='word_1_261' title='bbox 1454 2933 1581 2974; x_wconf 89' lang='lat' dir='ltr'>cete-</span> 
     </span>
    </p>
   </div>
   <div class='ocr_carea' id='block_1_3' title="bbox 803 3007 887 3053">
    <p class='ocr_par' dir='ltr' id='par_1_4' title="bbox 803 3007 887 3053">
     <span class='ocr_line' id='line_1_34' title="bbox 803 3007 887 3053; baseline 0.012 -1"><span class='ocrx_word' id='word_1_262' title='bbox 803 3007 887 3053; x_wconf 65' lang='lat' dir='ltr'>de</span> 
     </span>
    </p>
   </div>
  </div>
 </body>
</html>
