1884 3392
291 229 364 270 xvi
826 229 1225 270 PRAEFATIO.

290 359 463 406 magna
486 344 684 390 aliorum
708 350 1040 406 excerptorum
1065 347 1307 391 varietate.
1361 344 1419 390 In
1445 344 1493 390 S.
1512 344 1543 390 J
1547 359 1761 397 oannem,

291 426 616 487 Chrysostomi
657 426 833 471 iterum
875 427 1253 473 Commentarius
1295 428 1370 473 0111
1411 428 1607 472 intextae
1653 431 1763 472 sunt

292 509 527 554 variorum
570 507 766 553 Patrum
808 508 1041 569 symbolae,
1078 510 1311 570 praecipue
1347 507 1605 562 Ammonfi,
1630 509 1764 568 cujus

292 590 539 651 expositio,
558 595 614 635 ut
637 590 747 635 inde
766 590 916 650 patet,
936 591 985 635 in
1007 591 1134 646 hunc
1160 591 1512 652 Evangelistam
1538 591 1782 638 continua,

292 674 396 719 fuit.
467 674 526 719 In
548 672 676 718 Acta
699 671 1054 734 Apostolorum,
1079 674 1151 719 usi
1187 680 1296 719 sunt
1332 674 1619 720 Catenarum
1655 689 1765 719 con—

292 755 493 801 fectores
517 755 840 815 Chrysostomi
866 755 1066 816 Synopsi
1092 755 1382 801 Homiletica
1404 757 1455 800 in
1481 756 1607 800 hunc
1635 755 1763 800 Novi

294 836 502 882 Foederis
528 836 738 890 Librum,
759 852 868 882 cum
893 838 1085 883 diversis
1110 838 1211 883 aliis
1236 838 1390 883 obiter
1413 838 1571 883 citatis
1596 837 1763 883 Eccle-

293 919 493 965 siasticis
539 918 869 979 Scriptoribus.
958 920 1015 965 In
1054 920 1290 980 Epistolas
1337 919 1604 965 Catholicas
1650 934 1763 979 prae-

293 1003 430 1062 cipue
455 1003 514 1047 ad
538 1007 694 1061 partes
713 1007 907 1047 vocatur
926 1001 1206 1063 Anonymus
1231 1003 1483 1062 expositor,
1503 1003 1583 1061 qui
1606 1002 1764 1047 1108010

292 1099 353 1129 an
377 1084 740 1145 Chrysostomus
765 1085 838 1137 sit,
859 1084 938 1143 qui
962 1084 1061 1144 ipse
1086 1084 1252 1144 saepius
1275 1084 1553 1128 nominatim
1578 1084 1763 1137 citatur,-

295 1182 402 1212 cum
445 1166 634 1220 Severo,
678 1165 898 1226 Didymo,
941 1165 1116 1226 Cyrillo
1163 1171 1213 1210 et
1260 1165 1375 1211 aliis.
1447 1165 1569 1211 Haee
1610 1166 1764 1225 quoad

295 1248 669 1294 Commentarios
704 1248 752 1293 in
788 1247 919 1292 Novi
955 1247 994 1292 F
996 1248 1164 1293 oederis
1200 1248 1354 1302 libros,
1380 1263 1496 1308 quos
1530 1248 1647 1293 mihi
1682 1249 1765 1293 ad-

293 1332 387 1376 huc
421 1331 650 1391 inspicere
685 1331 834 1376 licuit.
906 1330 1013 1376 Nec
1051 1331 1218 1376 dubito
1254 1331 1366 1391 quin
1404 1336 1452 1376 et
1490 1332 1538 1376 in
1571 1331 1764 1378 Veteris

294 1413 584 1459 Testamenti
623 1413 766 1459 libros
808 1413 973 1458 eadem
1009 1414 1128 1458 ratio
1163 1413 1441 1459 conficiendi
1477 1414 1680 1460 Catenas
1715 1415 1764 1468 in

294 1510 383 1543 usu
406 1496 511 1541 fuit.
580 1494 814 1542 Adhibita
836 1501 909 1541 est
930 1497 1162 1557 praecipue
1187 1495 1508 1557 Chrysostomi
1534 1495 1591 1547 εἰς
1614 1496 1667 1542 τὰ
1692 1501 1764 1552 τῆς

295 1586 475 1631 παλαιᾶς
517 1578 693 1635 σύνοψις.
773 1579 1013 1626 Adierunt
1049 1579 1267 1641 Origenis
1302 1580 1678 1626 Commentarios
1715 1581 1762 1626 in

295 1677 458 1707 omnes
492 1662 590 1707 fere
614 1661 769 1716 libros,
795 1662 1078 1707 Theodoreti
1117 1667 1166 1707 et
1204 1661 1366 1723 Gyrilli
1401 1663 1450 1707 in
1489 1662 1762 1723 Prophetas,

296 1743 525 1789 Basilium
549 1749 598 1789 et
624 1743 884 1789 Eusebium
919 1745 968 1788 in
1002 1743 1033 1788 J
1037 1744 1642 1798 esaiam—Theodoretum‚
1668 1743 1765 1789 Eu-

295 1825 481 1871 sebium
519 1830 568 1870 et
603 1823 920 1871 Athanasium
957 1826 1006 1870 in
1045 1825 1374 1872 Psalmos—in
1408 1826 1439 1871 J
1443 1826 1600 1881 obum,
1626 1826 1765 1887 Poly-

296 1907 541 1953 chronium
598 1912 742 1967 atque
796 1908 1187 1968 Olympiodorum
1212 1924 1224 1963 ;
1282 1909 1519 1955 advocatis
1575 1909 1766 1969 insuper

294 1989 410 2043 aliis,
436 1989 516 2049 qui
541 1990 629 2035 sibi
664 1990 786 2035 forte
821 1990 881 2035 ad
918 2005 1113 2035 manum
1142 1991 1349 2044 aderant,
1373 1991 1466 2036 huc
1490 1996 1540 2036 et
1562 1991 1691 2045 illuc,
1714 1991 1764 2035 in

295 2087 578 2132 unoquoque
603 2072 738 2127 libre,
765 2071 961 2118 Cantico
985 2079 1068 2119 aut
1094 2072 1345 2133 Propheta.
1395 2072 1513 2119 Haec
1537 2088 1648 2134 ergo
1671 2072 1763 2118 fuit

296 2161 351 2200 ut
375 2155 550 2215 opinor,
576 2154 863 2200 Catenarum
887 2154 1031 2215 origO,
1056 2160 1105 2200 et
1129 2155 1357 2214 imprimis
1392 2171 1553 2201 earum
1578 2155 1766 2201 confici-

296 2238 405 2283 endi
445 2237 712 2282 methodus.
795 2236 867 2282 At
907 2238 1032 2297 quod
1073 2237 1278 2297 primum
1318 2253 1429 2284 casu
1469 2238 1673 2298 quodam
1715 2242 1765 2282 01

295 2320 468 2366 sensim
491 2321 559 2365 ita
582 2320 762 2364 factum
795 2324 910 2373 erat,
934 2320 983 2364 id
1017 2325 1183 2379 postea
1218 2335 1278 2365 ex
1313 2321 1534 2366 instituto
1569 2325 1619 2366 et
1653 2321 1766 2366 data

296 2417 438 2462 opera
460 2401 830 2462 multiplicatum
854 2406 926 2446 est
950 2402 1235 2461 excerpendi
1270 2407 1320 2446 01
1355 2400 1649 2446 exscribendi
1683 2415 1765 2461 ge-

296 2498 412 2537 nus;
447 2498 557 2529 cum
594 2484 876 2529 recentiores
915 2483 1143 2538 homines,
1181 2484 1303 2530 sicut
1344 2483 1556 2536 Nicetas‚
1582 2483 1765 2543 Euthy-

295 2567 432 2620 mius,
467 2571 517 2629 et
553 2564 793 2611 Macarius
833 2581 997 2611 eorum
1032 2571 1348 2612 contexerunt
1388 2566 1762 2619 commentarios,

293 2665 391 2695 »11011
415 2665 475 2694 ex
499 2648 799 2708 antiquorum
833 2649 1074 2708 perpetuis
1109 2648 1470 2702 commentariis,
1495 2647 1577 2693 sed
1601 2663 1663 2692 ex
1686 2662 1771 2697 va-=

297 2731 377 2776 riis
401 2730 636 2791 symbolis,
661 2746 746 2776 sua
768 2730 1009 2784 industria,
1034 2731 1348 2791 undecunque
1374 2727 1637 2791 congestisss
1656 2729 1764 2784 Quo

295 2813 580 2858 recentiores
616 2818 775 2858 autem
800 2818 910 2858 sunt
935 2812 1139 2866 Catenae,
1164 2827 1220 2857 eo
1243 2814 1392 2873 magis
1415 2813 1657 2858 abundans
1691 2816 1763 2857 est

299 2893 593 2954 Scriptorum
618 2895 743 2940 unde
768 2894 1032 2941 conflantur
1055 2909 1290 2940 numerus.
