1884 3392
300 246 357 273 xx
839 233 1230 276 PRAEFATIO.

305 350 330 369 ‘⁶
354 344 720 399 continentibus,
746 360 807 391 ex
831 346 1002 406 quibus
1025 363 1082 394 ea
1103 349 1238 395 nobis
1262 349 1495 409 praecipua
1517 348 1620 395 visa
1647 352 1770 401 sunt,

304 432 331 453 “
355 442 459 487 quae
483 426 533 473 S.
554 427 720 473 Irenaei
743 443 917 475 nomen
939 430 1205 490 praeferunt,
1230 447 1286 477 eo
1309 433 1458 493 magis
1482 432 1627 477 etiam
1650 430 1772 476 aesti-

304 515 332 535 “
355 511 542 564 manda,
578 510 703 570 quod
741 516 935 558 aetatem
972 513 1178 574 aliquam
1215 513 1368 559 ferant
1405 514 1438 558 ii
1477 513 1677 559 Codices
1711 526 1773 557 ex

304 600 329 620 “
354 594 523 654 quibus
547 609 604 640 ea
626 595 928 642 extulimus.''
997 595 1157 641 Nimis
1182 601 1345 641 autem
1368 594 1653 656 generaliter
1675 594 1775 640 haec

305 677 463 724 omnia
501 677 669 723 miscet
704 677 793 724 Vir
827 679 1008 732 doctus,
1046 684 1095 724 et
1132 678 1219 724 sub
1257 678 1448 724 nomine
1489 677 1775 723 Catenarum

303 759 503 805 includit
526 775 599 806 res
623 760 762 821 longe
786 760 1003 807 diversas.
1074 759 1312 806 Sincerius
1343 759 1496 805 multo
1529 759 1703 821 egisset
1734 758 1774 804 si

307 843 367 888 de
412 843 778 903 uniuscujusque
826 842 1014 889 Codicis
1063 848 1230 889 natura
1277 850 1326 889 et
1378 849 1530 898 aetate,
1583 843 1777 889 seorsim

308 923 559 970 Lectorem
596 925 869 978 monuisset,
905 930 954 970 et
990 926 1202 986 quaedam
1240 926 1496 986 specimina
1529 930 1777 972 contento-

307 1021 414 1052 rum
445 1007 545 1067 ejus
575 1007 767 1066 insuper
801 1008 1205 1061 communicasset,
1229 1012 1286 1053 ut
1309 1022 1370 1052 ex
1393 1007 1620 1067 ampliore
1655 1007 1781 1052 noti-

306 1088 386 1142 tia,
416 1088 475 1134 ad
509 1090 658 1150 magis
692 1095 933 1135 maturum
959 1090 1195 1150 judicium
1229 1090 1289 1136 de
1327 1089 1497 1134 horum
1533 1093 1780 1149 excerpto-

303 1186 409 1216 rum
449 1170 652 1233 αὖθεντείᾳ
691 1172 944 1232 procedere
983 1187 1238 1232 possemus.
1343 1172 1467 1219 Cum
1500 1186 1574 1218 res
1614 1171 1684 1217 ita
1730 1185 1781 1217 se

309 1254 497 1309 habeat,
543 1271 782 1317 negamus,
829 1257 868 1302 si
916 1257 1072 1317 spuria
1115 1256 1426 1317 probarentur
1467 1255 1568 1301 haec
1614 1254 1780 1300 Irenaei

307 1336 587 1397 fragmenta,
622 1338 672 1383 id
704 1337 802 1383 ullo
836 1338 979 1383 modo
1013 1353 1042 1384 a
1069 1337 1355 1385 Catenarum
1388 1338 1482 1384 fide
1517 1337 1779 1391 detrahere,

309 1433 419 1464 cum
454 1434 750 1480 nequaquam
787 1421 1038 1481 probatum
1073 1421 1135 1466 sit
1169 1436 1226 1466 ea
1257 1436 1285 1466 a
1314 1421 1435 1466 veris
1472 1420 1666 1466 Catenis
1701 1419 1783 1465 de-

310 1507 499 1562 sumpta
538 1518 653 1549 esse.
733 1502 895 1549 Aliam
941 1508 1103 1548 autem
1149 1518 1392 1564 aggressus
1433 1508 1506 1548 est
1545 1502 1669 1547 viam
1710 1501 1783 1546 vir

311 1585 575 1631 eruditione
593 1586 745 1632 clarus
764 1585 923 1646 Scipio
941 1584 1177 1638 Maffeius,
1194 1585 1272 1645 qui
1294 1585 1342 1629 in
1363 1584 1578 1645 Epistola
1589 1582 1622 1638 d,
1640 1599 1783 1644 quam

310 1668 494 1729 scripsit
518 1674 573 1714 ut
596 1669 896 1730 impugnaret
919 1664 1140 1714 αὖθεντείαν
1163 1666 1535 1727 fragmentorum
1562 1681 1591 1711 a
1615 1664 1784 1711 Pfaffio

312 1750 626 1812 vulgatorum,
650 1752 825 1798 multas
861 1756 910 1796 et
934 1750 1124 1811 quidem
1155 1765 1320 1811 graves
1350 1750 1549 1795 adduxit
1578 1749 1785 1795 rationes

311 1834 371 1880 ad
394 1834 771 1881 labefactandam
806 1840 1017 1880 nostram
1052 1834 1192 1879 fidem
1215 1834 1265 1878 in
1287 1833 1559 1878 universum
1584 1831 1786 1878 Catena-

311 1931 418 1962 rum
440 1931 602 1977 genus.
669 1916 799 1962 Nam
822 1916 958 1977 plura
980 1915 1144 1962 attulit
1168 1915 1388 1975 exempla
1410 1914 1711 1976 negligentiae
1735 1919 1786 1959 et

312 1998 515 2051 incuriae,
545 2014 639 2058 qua
671 1999 743 2044 usi
781 2004 892 2044 sunt
928 1998 1214 2044 Catenarum
1251 1997 1559 2057 quarumdam
1594 1996 1785 2050 librarii,

311 2081 364 2126 in
408 2082 702 2142 praefigendis
741 2080 1011 2128 Auctorum
1055 2080 1337 2133 nominibus,
1379 2078 1574 2141 singulis
1620 2093 1788 2124 eorum

315 2163 699 2224 expositionibus.
748 2163 874 2210 Satis
893 2163 1082 2224 quidam
1106 2163 1347 2208 abundant
1369 2161 1638 2222 hujusmodi
1663 2175 1788 2206 erro-

316 2260 403 2300 res,
427 2261 516 2292 nec
539 2246 759 2307 denegari
782 2250 991 2306 possunt.
1061 2243 1157 2290 Sed
1179 2259 1351 2305 magna
1381 2243 1594 2304 profecto
1630 2247 1703 2288 est
1735 2243 1787 2288 in

319 2327 607 2374 Catenarum
630 2327 883 2374 Codicibus
915 2327 1129 2380 varietas,
1154 2331 1204 2372 et
1239 2325 1318 2371 alii
1352 2325 1455 2371 aliis
1488 2325 1642 2371 multo
1677 2330 1788 2371 sunt

318 2412 629 2457 accuratiores
686 2411 1137 2472 praestantioresque.
1230 2407 1345 2453 Non
1401 2413 1563 2454 autem
1608 2412 1666 2453 ea
1715 2412 1787 2453 est

320 2494 515 2553 quaestio
551 2494 610 2539 de
642 2509 735 2553 qua
768 2508 894 2538 nunc
927 2493 1096 2553 agitur.
1155 2491 1497 2552 Inquirendum
1523 2495 1609 2544 est,
1633 2489 1787 2543 credo,

320 2589 382 2620 an
413 2574 529 2620 falso
561 2579 610 2619 et
634 2574 745 2619 data
779 2589 920 2634 opera
951 2573 1237 2619 Catenarum
1273 2573 1563 2619 confectores
1599 2571 1790 2617 nomina

322 2655 591 2703 Auctorum
613 2656 803 2702 mentiti
827 2657 933 2711 sint,
952 2661 1007 2702 ut
1030 2655 1286 2701 lectoribus
1310 2654 1472 2700 fucum
1497 2654 1721 2708 facerent,
1740 2657 1790 2698 et

379 2785 400 2814 d
428 2788 585 2826 Lettera
615 2787 650 2825 al
681 2784 1007 2824 Reverendissimo
1026 2786 1070 2824 P.
1090 2785 1240 2823 Abbate
1260 2783 1445 2824 Bacchini
1474 2786 1593 2836 Sopra
1621 2783 1633 2822 i
1657 2784 1790 2822 Fratu-

326 2852 445 2889 menti
467 2851 579 2890 Greci
604 2850 681 2889 dati
710 2851 750 2888 in
781 2849 865 2888 luce
896 2849 955 2887 nel
986 2857 1092 2888 tomo
1112 2849 1224 2888 XVI.
1246 2849 1307 2888 del
1327 2848 1509 2888 Giornale
1528 2847 1586 2887 de’
1603 2847 1787 2887 Letterati

325 2915 361 2953 d·
381 2914 505 2960 Italia.
527 2928 548 2954 e
567 2915 775 2967 ristampati
795 2914 832 2952 in
853 2914 1003 2953 Olanda
1021 2913 1080 2954 col
1101 2925 1214 2953 nome
1233 2914 1269 2953 di
1290 2915 1328 2952 S.
1343 2915 1490 2952 Ireneo.
