1872 3366
258 204 338 246 488
559 205 1005 244 SUPPLEMENTUM
1034 205 1104 243 ET
1131 204 1249 242 VAR.
1280 203 1434 243 LECT.

331 331 426 372 144,
446 318 515 362 28.
550 312 618 360 καὶ
640 319 714 371 τῆς
738 313 798 361 ἔλ.
901 330 972 374 32.
1003 312 1058 359 τὰ
1081 312 1291 360 σκάνδαλα
1312 311 1417 375 ἄγει.

330 395 424 448 146,
441 407 484 448 4.
517 388 826 451 πεπλανημένον.
934 407 1000 436 11.
1028 395 1102 436 τῶν
1125 389 1298 454 οὐρανῶν.

331 473 425 526 146,
449 480 514 528 15.
549 466 804 529 ἄγωνιζέσθω.
903 484 972 528 29.
1009 466 1229 531 ἔκέρὸανας.

330 558 427 604 147,
444 562 487 603 4.
525 543 603 609 ὅσῳ
625 543 703 607 γὰρ
727 543 786 591 ἄν.
889 562 956 591 10.
991 549 1064 603 τῆς
1086 543 1306 606 μεγίστης.

330 636 426 681 147,
449 640 515 683 13.
551 620 947 684 καταδεδικασμένοι.
983 621 1231 669 ἀκουέτωσαν
1254 621 1291 669 οἱ
1311 620 1488 685 κέρδεσιν
1512 620 1723 679 ε’πιπηὸὤν-
1734 636 1758 679 5

258 720 326 753 τες
348 696 498 751 ἀδίκοις
520 696 588 746 καὶ
610 699 669 761 μὴ
692 697 914 762 παυόμενοι.
1023 716 1088 757 14.
1124 697 1478 761 παραμυθούμενος.

329 791 426 837 147,
449 794 516 838 19.
551 774 571 823 ὃ
595 796 679 824 om.
706 781 814 823 Cod.
840 781 893 823 B.
997 793 1066 833 24.
1102 774 1357 839 ἡμερώτερος.

328 859 425 912 148,
443 869 485 914 5.
523 853 726 911 ἐπέθηκας.
832 867 872 912 7.
907 853 1026 917 οἷρκεῒ
1042 853 1223 905 ἑπτάκις.

329 949 425 993 149,
444 950 486 992 3.
521 928 722 979 ἀπόδοσιν.
821 936 861 978 8.
898 930 940 986 ἐξ
963 929 1180 992 ὠμότητος.

330 1026 424 1070 149,
448 1026 514 1070 13.
550 1009 833 1070 ὀφειλημάτων
856 1008 1061 1072 ἐλευθεροῖ.
1167 1027 1232 1070 19.
1256 1008 1551 1069 ἀστεφάνωτος.
1740 1031 1788 1056 10

329 1100 426 1147 150,
450 1099 515 1145 17.
547 1086 749 1148 ἑπομένων.
852 1105 917 1147 19.
954 1084 1204 1134 ἐπιτείνεται.

329 1179 423 1224 150,
446 1180 513 1212 20.
548 1162 734 1210 τουτέστι
757 1161 852 1227 πρὸς
875 1168 978 1226 θεογ.
1081 1181 1152 1224 33.
1189 1162 1360 1227 εἴρηκας.

329 1256 425 1302 152,
446 1255 514 1300 27.
552 1239 784 1304 εὐχαρίστει
808 1248 948 1300 φησιν.

331 1334 428 1380 152,
447 1337 518 1379 31.
552 1319 654 1380 μηδὲ
677 1338 762 1366 om.
788 1323 896 1366 Cod.
922 1324 974 1366 Β.
999 1338 1099 1365 cum
1120 1323 1286 1365 lacunae
1308 1321 1479 1365 indicio.

329 1411 425 1458 153,
446 1412 514 1456 27.
547 1396 615 1444 καὶ
638 1398 674 1446 εἷ
697 1397 954 1462 προαιρέσεώς
975 1397 1073 1446 ἐστι’
1089 1406 1210 1457 φησι,
1228 1405 1308 1450 πῶς
1326 1396 1543 1462 ἀρχόμενος
1566 1420 1605 1445 κ.
1621 1421 1660 1447 τ.
1676 1400 1709 1446 ἔ.
1743 1415 1788 1456 15

330 1489 423 1535 154,
447 1493 513 1523 12.
550 1472 871 1537 ε’ναγκαλῖζεται.
977 1490 1043 1536 15.
1079 1478 1103 1533 ἦ
1126 1475 1240 1537 ψυχὴ
1263 1480 1332 1522 τοῦ
1354 1475 1465 1522 παιδ.

329 1565 425 1611 154,
448 1569 515 1613 19.
549 1550 642 1614 πρὸς
668 1553 818 1610 κάλλη.
922 1567 990 1613 25.
1026 1553 1101 1615 ε’γῶ
1125 1552 1167 1599 δὲ
1190 1560 1363 1614 φιλαργ.

330 1643 427 1690 155,
444 1647 488 1688 4.
524 1635 638 1677 τοῦτο
664 1626 782 1687 εἶπεν,
806 1629 847 1678 οὖ
871 1630 948 1693 γὰρ
974 1627 1078 1677 εἶπεν
1102 1629 1169 1677 οὔκ
1193 1628 1277 1692 εἰμὶ
1300 1629 1463 1692 ἀγαθὸς,
1485 1628 1581 1677 ἀλλ’
1599 1628 1726 1682 οὐδεὶς

257 1706 421 1768 ἀγαθὸς,
461 1706 667 1754 τουτέστιν
706 1705 829 1760 οὐδεὶς
868 1706 1076 1772 ἀνθρώπων·
1125 1705 1193 1752 καὶ
1231 1705 1326 1752 αὐτὸ
1362 1706 1404 1753 δὲ
1442 1711 1556 1754 τοῦτο
1591 1706 1646 1755 ὅτ’
1680 1706 1727 1755 ἂν

259 1781 375 1847 λέγῃ,
395 1781 478 1829 οὐδὲ
503 1781 592 1836 τοὺς
616 1782 830 1848 ἀνθρώπους
855 1784 1079 1848 ἀποστερῶν
1101 1781 1343 1845 ἀγαθότητος
1367 1782 1481 1830 ἀλλὰ
1503 1781 1597 1847 πρός
1618 1783 1728 1832 ἀντι·
1742 1803 1792 1829 20

260 1860 491 1918 ὃιαστολῆν.

330 1943 427 1998 156,
447 1943 487 1984 6.
522 1938 629 2003 αὐτῷ
653 1937 825 1986 δείκνυσι
850 1939 988 2002 λέγων,
1014 1939 1049 1987 εἷ
1079 1938 1207 1992 θέλεις
1230 1940 1383 1991 τέλειος
1408 1935 1518 1995 εἶναι,
1543 1935 1611 1985 καὶ
1634 1936 1726 1986 τότε

259 2012 324 2060 τὸν
346 2014 479 2076 ἀγῶνα
501 2013 570 2061 καὶ
593 2013 657 2061 τὸν
680 2015 788 2063 πόνον
812 2016 1026 2079 ἐπήγαγεν,
1049 2014 1094 2062 τὸ
1120 2024 1220 2061 πωλ.
1327 2020 1392 2060 18.
1427 2014 1595 2071 ἀπῆλθε.

330 2105 428 2151 157,
446 2109 487 2152 3.
524 2091 718 2151 βελῶνης.
821 2112 860 2154 9.
895 2097 1150 2158 παρακαλῇς.

329 2173 427 2214 Hoc
452 2173 595 2215 Photii
627 2174 847 2217 Scholium
879 2176 934 2217 ad
962 2175 1105 2216 locum
1138 2172 1312 2214 adducit
1335 2172 1442 2215 cod.
1468 2173 1521 2215 B.
1568 2169 1627 2215 Οἱ
1653 2169 1727 2230 μὲν
1742 2186 1788 2226 25

259 2245 455 2307 κάμηλον,
480 2245 516 2293 οἵ
546 2246 587 2294 δὲ
619 2248 821 2310 κάρμηλον
844 2246 986 2308 φασίν.
1033 2245 1254 2309 ἀμφότεροι
1283 2245 1324 2292 δὲ
1355 2244 1397 2292 οὖ
1429 2243 1473 2292 τὸ
1499 2250 1586 2302 ζῶον
1614 2246 1728 2294 ἀλλὰ

259 2320 305 2369 τό
331 2321 502 2385 σχοινίον
525 2323 690 2386 λέγουσι
714 2323 759 2372 τὸ
783 2324 858 2378 τὰς
881 2324 1057 2388 ἀγκύρας
1081 2324 1282 2389 ὃεσμεῦον.

332 2414 430 2460 157,
453 2417 519 2450 12.
548 2400 718 2459 ’πένητες
739 2400 857 2456 ὄντες.

330 2482 426 2538 158,
445 2496 487 2539 3.
523 2478 773 2537 ἧλάττωσαι.
877 2493 917 2539 7.
954 2479 1189 2537 καθήσεσθε.
1291 2496 1361 2539 34.
1388 2477 1479 2542 μετ’
1505 2478 1696 2534 ἐξουσίαις.

330 2570 427 2616 159,
446 2570 488 2617 5.
523 2557 640 2619 μονὴν
664 2558 701 2605 ἐν
724 2579 764 2605 α.
870 2576 937 2619 19.
972 2556 1021 2604 δι’
1044 2555 1097 2604 ἓν.
1202 2574 1225 2606 2
1228 2571 1271 2617 5.
1308 2553 1403 2603 εἶναι
1422 2557 1574 2620 ἀγαθά.
1740 2571 1792 2608 30

331 2646 426 2694 159,
447 2647 517 2692 27.
553 2633 622 2680 καὶ
644 2634 865 2698 γινομένους
890 2634 955 2681 διὰ
979 2656 1016 2681 τ.
1038 2655 1160 2696 μετα.
1183 2638 1232 2690 β.
1747 2693 1756 2699 3

330 2714 426 2765 160,
446 2726 482 2755 1.
508 2709 546 2756 ἔν
568 2711 708 2775 τούτῳ.
788 2717 827 2758 8.
854 2710 1130 2759 ὗπακοῦεσθαι.
1209 2729 1249 2771 9.
1274 2708 1376 2768 ἧξεν.
1459 2727 1528 2758 21.
1552 2708 1726 2773 βραδιόν.

331 2791 427 2842 162,
446 2803 488 2846 3.
524 2785 847 2850 ὑποτεμνόμενος.

334 2868 428 2923 163,
453 2881 520 2909 10.
557 2861 699 2927 θρόνων.

332 2945 427 2996 164,
450 2944 515 2985 18.
551 2941 868 2989 ἀπολαύσεσθαι.
970 2960 1040 3004 30.
1076 2939 1272 3004 ἀσαφείᾳ.
1741 2953 1790 2991 35
