1884 3392
648 237 804 280 PRAE
817 236 946 279 FAT
958 236 980 278 1
994 236 1046 277 O.
1510 235 1585 277 xxi

110 356 522 408 celeberrimorum
541 348 739 411 Petrum
762 352 1046 400 auctoritate
1067 351 1404 414 ignobiliorum
1429 350 1587 414 Scrip-

110 445 269 486 torum
304 438 561 485 sententias
591 437 845 482 munirent.
898 434 957 480 Id
979 433 1243 480 humanum
1270 440 1357 490 est,
1382 439 1432 482 et
1455 440 1587 482 certe

109 521 268 583 potuit
313 520 428 566 fieri.
516 519 581 564 Et
626 534 736 565 cum
786 519 879 565 hoc
929 518 1103 564 accidit
1147 519 1342 580 integris
1387 519 1588 565 Patrum

112 603 360 664 Operibus,
384 606 440 647 ut
473 602 691 664 genuinis
726 601 884 663 spuria
917 600 1302 655 admiscerentur,
1327 601 1484 646 eidem
1514 616 1586 646 er-

109 685 203 731 rori
227 690 356 730 certe
380 688 490 730 sunt
513 684 718 729 obnoxia
740 689 967 745 excerpta
989 699 1051 730 ex
1073 684 1130 729 iis
1154 684 1374 745 operibus
1393 683 1588 730 Catenis

111 769 315 815 intexta.
391 766 596 813 Facilius
636 773 800 814 autem
839 769 1074 831 ingeritur
1114 767 1291 814 fraudis
1330 767 1590 829 inculpatio

113 867 256 914 quam
301 850 562 912 repellitur,
597 852 857 912 praesertim
904 853 942 898 si
989 852 1050 898 de
1094 851 1359 898 Anecdotis
1404 857 1588 913 agatur.

113 935 308 984 Vellem
345 940 509 982 autem
543 950 623 981 eos
662 935 742 995 qui
779 950 885 982 eam
921 935 1157 996 ingerunt,
1188 934 1250 980 ad
1285 933 1414 980 locos
1449 933 1590 995 plane

113 1019 341 1066 mentitos
377 1024 741 1080 provocassent3
778 1019 862 1065 sed
895 1032 1050 1078 neque
1086 1018 1187 1078 ipse
1220 1017 1376 1064 adhuc
1413 1017 1591 1073 detexi,

114 1115 270 1162 neque
301 1099 421 1146 tales
455 1100 515 1146 ab
546 1099 649 1146 aliis
683 1100 914 1147 indicatos
947 1100 1144 1146 memini
1178 1115 1257 1147 me
1290 1116 1501 1162 unquam
1523 1101 1593 1147 vi-

115 1184 252 1230 disse.
324 1182 439 1229 Non
462 1183 656 1243 quidem
689 1183 847 1244 agitur
869 1184 929 1230 de
951 1183 1009 1230 iis
1033 1184 1366 1245 Scriptoribus,
1391 1201 1593 1246 quorum

115 1265 391 1313 testimonia
429 1265 548 1311 adeo
594 1264 740 1326 spisse
785 1265 993 1311 citantur
1031 1267 1081 1312 in
1122 1266 1330 1321 Catenis,
1365 1272 1422 1312 ut
1460 1267 1592 1327 quasi

116 1349 373 1404 vilescant3
414 1348 571 1409 qualia
607 1353 718 1394 sunt
756 1347 1094 1410 Chrysostomi,
1128 1349 1361 1411 Origenis,
1398 1349 1591 1411 Cyn'lli;

117 1435 200 1481 sed
236 1434 395 1495 potius
433 1433 493 1479 de
530 1431 908 1493 Antiquioribus,
946 1449 1146 1494 quorum
1183 1448 1326 1494 opera
1355 1433 1458 1493 jam
1494 1448 1594 1479 aevo

117 1517 470 1570 interciderant,
495 1531 642 1577 quum
665 1515 996 1577 compilatores
1026 1517 1106 1563 isti
1130 1531 1214 1563 sua
1247 1515 1594 1578 congerebant3

117 1599 151 1646 J
153 1601 310 1646 ustino
334 1615 519 1661 nempe,
539 1599 733 1655 Irenaeo,
753 1599 1031 1662 Hippolyto.
1071 1598 1168 1645 Sed
1190 1599 1258 1645 ita
1279 1614 1383 1645 raro
1402 1599 1595 1659 quidem

117 1683 425 1730 inveniuntur
457 1683 647 1730 illorum
672 1683 938 1730 Doctorum
973 1683 1223 1730 citationes
1257 1683 1307 1728 in
1342 1682 1597 1729 Commen-

118 1768 262 1822 tariis,
276 1772 332 1812 ut
356 1767 405 1813 id
422 1767 580 1827 potius
604 1773 939 1829 argumentum
958 1781 1059 1813 esse
1082 1765 1256 1812 debeat
1273 1764 1597 1812 Collectorum

117 1851 170 1896 in
192 1850 266 1896 his
290 1851 588 1897 adstruendis
611 1851 802 1897 sincerae
825 1849 949 1896 fidei.
997 1848 1125 1894 Mihi
1149 1863 1261 1909 ergo
1285 1847 1457 1908 placet,
1474 1847 1598 1894 hanc

120 1933 505 1994 inculpationem,
530 1939 580 1979 et
603 1933 761 1994 probis
784 1931 1054 1978 hominibus
1078 1935 1129 1976 et
1158 1929 1248 1990 piis
1283 1934 1412 1975 certe
1445 1929 1599 1990 indig-

119 2030 247 2068 nam,
281 2015 466 2061 cautius
505 2016 773 2069 admittere,
815 2016 966 2061 donec
1008 2013 1282 2060 clarioribus
1321 2012 1508 2058 indiciis
1547 2018 1598 2058 et

121 2098 407 2144 testimoniis
430 2099 685 2144 sustentari
708 2099 872 2159 possit.

191 2184 236 2227 3.
273 2180 432 2227 Pauca
453 2196 580 2227 nunc
603 2181 663 2226 de
686 2180 974 2227 Catenarum
1004 2180 1215 2227 utilitate
1249 2184 1430 2226 restant
1463 2178 1600 2224 nobis

123 2264 335 2310 dicenda.
406 2263 543 2318 Quae,
571 2263 610 2309 si
643 2262 904 2323 peculiares
938 2262 1146 2323 excipias
1180 2262 1394 2309 defectus
1429 2261 1601 2322 quibus

125 2346 355 2400 laborant,
381 2346 547 2393 eadem
582 2346 673 2392 erit
706 2345 864 2392 forsan
898 2361 1041 2406 quam
1076 2361 1179 2406 quae
1202 2361 1263 2392 ex
1288 2344 1486 2405 Scriptis
1510 2343 1601 2389 Pae

124 2433 253 2473 trum
275 2427 326 2473 in
348 2442 522 2490 genere
553 2428 806 2482 derivatur,
830 2428 1052 2488 quoniam
1076 2443 1138 2474 ex
1162 2443 1326 2475 eorum
1351 2426 1599 2487 Operibus,

127 2512 225 2558 sive
248 2511 444 2558 servatis
468 2511 566 2557 sive
589 2512 783 2567 amissis,
807 2513 1000 2559 omnino
1023 2511 1238 2558 conflatae
1262 2517 1386 2558 sunt.

194 2593 322 2639 Mihi
356 2599 531 2648 autem,
555 2598 789 2654 quatenus
821 2595 1160 2641 Commentarii
1195 2594 1289 2641 sint
1323 2594 1373 2639 in
1408 2592 1602 2639 Sacram

129 2676 435 2736 Scripturam,
459 2677 756 2737 potissimum
788 2692 838 2724 se
862 2677 1193 2725 commendare
1216 2676 1450 2726 videntur.
1520 2672 1602 2727 Ad

128 2758 448 2820 cognitionem
485 2758 613 2805 enim
653 2765 704 2806 et
743 2759 1110 2822 intelligentiam
1151 2758 1374 2810 Historiae
1415 2756 1603 2809 Criticae

129 2840 280 2888 Verbi
313 2839 476 2886 Divini
512 2841 770 2902 plurimum
803 2843 1078 2896 inserviunt,
1117 2839 1380 2902 supplendo
1409 2855 1468 2886 ea
1501 2839 1604 2900 qui.-

127 2923 218 2971 bus
251 2925 351 2971 sine
386 2938 550 2971 eorum
572 2939 662 2985 ope
685 2939 807 2986 aegre
829 2925 1152 2972 caruissemus.
1212 2921 1304 2969 His
1338 2921 1477 2969 salvis
1512 2922 1604 2974 dis-
