1846 3380
288 220 419 262 xxviii
835 219 983 260 PRAE
994 218 1218 261 FATIO.

287 348 363 380 ros
404 333 660 394 Epitomen
699 337 888 379 tantum
927 332 1080 393 operis
1124 332 1259 379 nobis
1298 332 1558 379 tradidisse.
1644 331 1754 381 Hoc

290 415 537 462 intellecto
595 415 707 462 satis
770 420 1071 477 perspectum
1126 414 1283 469 habui,
1350 414 1755 463 Commentarium

288 499 481 545 omnino
520 498 808 561 vulgandum
848 514 949 545 esse
990 513 1052 545 ex
1085 497 1178 544 illis
1215 498 1467 545 Codicibus
1504 498 1585 559 qui
1618 498 1755 545 illum

287 581 527 642 integrum
570 581 875 636 exhibebant,
915 580 1126 627 adhibita
1168 585 1358 627 tantum
1397 587 1430 626 e'
1466 580 1756 629 Victorianis

289 663 504 710 lectionis
528 664 757 710 varietate
786 664 837 709 in
870 663 927 710 iis
960 663 1088 718 locis,
1111 663 1195 709 ubi
1226 663 1330 709 duae
1353 662 1584 710 Codicum
1621 664 1757 710 fami-

289 747 363 794 liae
385 748 485 808 pari
507 763 647 808 passu
677 747 972 793 incedebant.
1042 744 1183 791 Hanc
1217 760 1328 806 ergo
1363 746 1595 792 rationem
1623 761 1756 792 secu-

288 834 366 876 tus
391 845 508 875 sum.
556 829 772 876 Adhibui
795 830 999 890 primum
1018 827 1244 874 Codicem
1266 828 1580 875 Bodleianum
1600 829 1754 875 Laud.

290 911 374 959 Gr.
410 916 490 959 33.
525 912 724 958 membr.
761 910 883 957 XII.
922 926 1023 958 saec.
1064 912 1389 957 continentem
1408 933 1410 935 ·
1429 915 1459 957 4
1487 911 1756 973 Evangelia

289 1010 399 1042 cum
437 995 641 1048 Catenis,
666 999 715 1040 et
738 993 868 1039 illam
903 994 953 1039 in
983 993 1033 1039 S.
1054 992 1276 1039 Marcum
1311 993 1443 1054 cujus
1467 993 1756 1040 Prooemium

289 1092 405 1138 opus
423 1076 599 1138 Cyrillo
617 1077 836 1138 assignat.
875 1074 957 1122 An
974 1080 1133 1121 autem
1151 1074 1262 1121 huic
1280 1074 1411 1121 Patri
1429 1076 1756 1123 ascribendum

289 1161 363 1214 sit,
396 1175 491 1205 non
525 1159 663 1220 plane
695 1159 886 1219 quidem
921 1164 1119 1205 constat.
1191 1158 1287 1205 Sed
1317 1159 1428 1205 huic
1465 1159 1672 1219 opinioni
1701 1165 1757 1206 ut

288 1243 446 1303 potius
473 1242 726 1289 assentiam
749 1242 906 1303 plures
928 1256 1006 1287 me
1029 1247 1223 1287 movent
1247 1241 1467 1287 rationes.
1524 1240 1755 1302 Origenes

289 1325 481 1386 quidem
522 1323 707 1370 Auctor
752 1325 852 1385 ejus
896 1339 998 1371 esse
1043 1324 1221 1385 nequit,
1260 1339 1370 1369 nam
1414 1324 1466 1369 in
1510 1324 1612 1385 ipso
1658 1324 1756 1370 fere

290 1406 631 1453 Commentarii
676 1407 813 1453 initio
852 1407 1057 1462 citatur;
1107 1406 1309 1467 Cyrillus
1349 1421 1459 1452 vero
1498 1421 1754 1467 nunquam.

290 1489 453 1551 Oyrilli
477 1495 637 1536 autem
657 1488 892 1551 Symbolae
908 1505 1004 1535 non
1021 1506 1117 1536 una
1134 1491 1236 1536 vice
1259 1495 1559 1550 apponuntur
1574 1490 1625 1535 in
1642 1488 1756 1536 Pos-

290 1573 378 1619 sini
403 1572 583 1619 Catena
604 1572 846 1626 Tolosana,
871 1578 920 1618 et
944 1572 1121 1618 eaedem
1155 1573 1313 1626 etiam,
1337 1577 1387 1617 et
1417 1584 1754 1632 nonnunquam

289 1655 487 1716 plenius,
528 1655 787 1702 efferuntur
831 1656 978 1701 tacito
1023 1656 1214 1700 nomine
1261 1655 1310 1700 in
1353 1654 1468 1701 Cod.
1511 1654 1753 1700 Laudiano

290 1736 452 1798 (quem
486 1737 623 1784 litera
656 1738 696 1783 L
730 1738 905 1798 ubique
937 1739 1194 1799 signamus)
1226 1743 1281 1783 ut
1315 1738 1364 1782 in
1398 1752 1476 1797 pp.
1502 1740 1613 1782 311.
1638 1740 1753 1783 323.

291 1823 401 1872 395.
473 1819 569 1866 Sed
593 1821 738 1865 etiam
761 1820 810 1865 in
834 1819 1016 1866 Catena
1038 1820 1086 1865 in
1117 1818 1165 1864 S.
1186 1818 1365 1865 Matth.
1397 1834 1442 1879 p.
1462 1816 1539 1865 66.
1563 1818 1755 1866 affertur

289 1904 522 1963 expositio
562 1903 753 1948 nomine
794 1901 958 1963 Cyrilli
997 1902 1231 1962 insignita,
1273 1916 1375 1961 quae
1414 1900 1617 1947 totidem
1656 1902 1754 1948 fere

287 1984 442 2031 verbis
477 1985 726 2030 adducitur
753 1985 803 2029 in
827 1984 932 2030 Cat.
957 1984 1016 2029 ad
1041 1982 1090 2029 S.
1111 1982 1345 2037 Marcum,
1369 1996 1414 2043 p.
1434 1981 1547 2029 286.
1608 1982 1754 2029 Post-

286 2081 418 2112 remo
441 2067 703 2112 notandum
723 2067 862 2113 estin
884 2066 1046 2112 multis
1069 2066 1195 2111 hunc
1214 2065 1619 2112 Commentarium
1642 2079 1753 2111 con-

285 2164 454 2210 gruere
485 2150 639 2209 quoad
673 2149 953 2194 methodum
983 2162 1092 2194 cum
1129 2163 1185 2193 eo
1222 2148 1271 2192 in
1310 2146 1358 2193 S.
1377 2146 1408 2192 J
1412 2147 1574 2193 oannis
1598 2145 1754 2193 Evan-

283 2231 474 2293 gelium,
491 2231 571 2291 qui
595 2232 751 2277 eidem
777 2230 907 2277 Patri
930 2230 1167 2284 tribuitur,
1186 2234 1236 2274 et
1259 2229 1338 2289 qui
1363 2244 1389 2274 e
1413 2229 1551 2275 variis
1575 2234 1629 2275 ut
1652 2230 1753 2290 ipse

282 2318 486 2360 testatur
509 2312 800 2359 Auctoribus
829 2319 1084 2360 contextus
1116 2313 1221 2359 fuit.
1291 2312 1418 2359 Utut
1450 2318 1612 2358 autem
1648 2312 1753 2359 haec

285 2396 392 2449 sint,
416 2396 538 2442 hanc
576 2395 806 2442 Catenam
839 2396 992 2442 multo
1029 2395 1304 2456 ampliorem
1337 2400 1387 2442 et
1425 2395 1752 2441 correctiorem

285 2477 513 2531 dedimus,
540 2493 629 2537 ope
651 2479 1021 2538 praestantissimi
1044 2477 1160 2524 Cod.
1187 2478 1436 2524 Laudiani..
1648 2510 1649 2513 η

350 2557 474 2604 011111
503 2573 560 2604 60
584 2565 744 2605 autem
769 2559 1054 2606 contulimus
1078 2559 1193 2606 Cod.
1219 2559 1410 2606 Ooislin.
1436 2557 1638 2605 XXIII.
1662 2559 1752 2619 vqui

282 2640 574 2688 Victorianae
597 2647 671 2688 est
701 2641 901 2696 familiae,
926 2643 1009 2688 sed
1047 2641 1228 2688 Possini
1266 2640 1520 2688 Codicibus
1553 2639 1753 2701 amplior

284 2729 333 2770 et
350 2723 491 2786 longe
515 2725 792 2779 correction
815 2725 892 2771 hic
915 2725 1049 2771 nobis
1071 2723 1208 2770 litera
1232 2722 1272 2769 P
1293 2724 1517 2785 signatur.
1567 2722 1751 2784 Saepius

282 2806 509 2853 lectiones
545 2806 726 2854 Possini
762 2812 926 2853 notare
962 2806 1167 2868 neglexi,
1192 2806 1300 2866 quia
1340 2819 1527 2866 prorsus
1559 2803 1750 2851 inutiles

283 2887 576 2935 videbantur.
649 2889 770 2936 Cum
804 2896 962 2936 autem
989 2889 1104 2936 Cod.
1133 2888 1185 2934 L.
1212 2889 1393 2934 duobus
1415 2888 1596 2947 magnis
1624 2886 1751 2932 lacu-
