1884 3392
292 225 362 266 xiv
840 222 1225 265 PRAEFATIO.

299 339 690 401 excerpendoque
726 344 775 385 et
807 339 1059 386 resecando
1082 340 1290 400 integros
1312 338 1688 385 Commentarios
1710 338 1761 384 in

296 424 628 484 compendium
659 422 948 483 redigebant,
973 427 1023 468 et
1046 422 1177 482 quasi
1205 422 1264 467 ad
1289 436 1539 483 synopseos
1562 421 1761 467 formam

294 506 728 569 accommodabant.
799 504 944 550 Hunc
968 503 1190 565 operandi
1220 504 1416 550 modum
1430 506 1533 565 jam
1556 520 1584 550 a
1607 505 1762 566 quarti

294 588 456 635 saeculi
508 589 644 634 initio
703 588 976 641 obtinuisse,
1022 586 1207 647 probari
1265 592 1423 648 potest
1481 586 1762 648 Hieronymi

295 669 613 725 Auctoritate,
634 671 715 731 qui
738 672 807 716 ita
830 685 938 717 suos
961 671 1011 715 in
1036 670 1084 716 S.
1100 669 1236 716 Pauli
1256 669 1491 731 Epistolas
1510 670 1763 716 Commen-

294 753 437 799 tarios
461 768 510 799 se
534 754 789 800 confecisse
812 758 1018 799 testatur
1033 753 1082 798 in
1102 752 1336 799 Proeemio
1356 752 1505 813 Epist.
1525 753 1585 798 ad
1604 752 1762 798 Galat.

296 835 375 882 Sic
406 837 551 882 etiam
589 836 840 883 Eustathio
873 835 1177 882 Antiocheno
1214 840 1440 881 contexta
1469 840 1542 881 est
1574 833 1764 896 ἐξήγησις

295 923 367 964 τῶν
399 923 580 964 παλαιῶν
610 917 748 980 ἀνδρῶν
773 917 816 964 ἐκ
840 915 1033 980 διαφόρων
1066 916 1351 978 ὑπομνημάτων
1384 916 1673 980 ἀκριβωθέντων
1695 914 1763 963 καὶ

297 999 595 1062 συλλεχθέντων
630 999 688 1051 εἷς
725 999 884 1055 σύνοψιν
915 999 971 1052 εἷς
1003 997 1048 1045 τὸ
1084 999 1191 1045 κατὰ
1222 1004 1430 1046 Ματθαῒον
1465 998 1716 1061 Εὖαγγέλιον
1730 1005 1764 1044 ².

296 1083 586 1144 Hujusmodi
618 1084 709 1130 fuit
744 1084 890 1130 etiam
921 1083 1265 1145 Antiquissima
1301 1083 1524 1144 Synopsis
1559 1098 1586 1128 e
1618 1082 1765 1144 Chry-

296 1168 491 1212 sostomi
533 1166 886 1212 Commentario
932 1167 981 1212 in
1024 1166 1072 1213 S.
1110 1167 1395 1213 Matthaeum
1438 1167 1662 1220 ordinata,
1705 1166 1765 1211 de

298 1264 392 1310 qua
425 1265 540 1295 mox
580 1249 824 1310 speciatim
864 1249 1099 1310 agendum
1136 1250 1257 1304 erit;
1293 1255 1342 1295 et
1376 1249 1587 1310 ejusdem
1611 1247 1765 1294 Patris

298 1331 459 1387 σύνοψις
484 1330 541 1383 εἷς
557 1330 610 1377 τὰ
624 1335 696 1387 τῆς
716 1337 897 1382 παλαιᾶς
921 1328 1116 1385 βιβλίαῇ
1131 1336 1181 1377 et
1198 1332 1607 1392 praestantissimus
1625 1330 1767 1376 Com-

297 1415 555 1460 mentarius
578 1414 627 1460 in
650 1414 874 1474 quasdam
900 1413 1137 1474 Epistolas
1168 1413 1216 1460 S.
1234 1413 1383 1468 Pauli,
1407 1429 1436 1459 a
1468 1414 1603 1459 nobis
1638 1418 1768 1474 post-

299 1496 387 1542 hac
412 1497 635 1550 edendus,
661 1496 794 1556 cujus
817 1496 985 1542 titulus
1009 1495 1245 1557 ἐξηγητικῶν
1267 1501 1394 1556 τομῶν
1416 1493 1599 1556 ἐκλογαί.
1635 1495 1766 1541 Huic

298 1580 443 1625 etiam
466 1579 627 1640 generi
650 1579 1028 1625 adnumerandus
1046 1585 1131 1631 est,
1149 1584 1204 1625 ut
1222 1580 1337 1625 mihi
1357 1579 1549 1639 quidem
1566 1579 1766 1632 videtur,

299 1676 442 1723 quem
475 1661 618 1706 modo
656 1663 926 1716 memoravi,
952 1661 1168 1723 Procopii
1193 1661 1356 1708 Gazaei
1389 1661 1767 1708 Commentarius

300 1743 349 1789 in
373 1743 739 1790 Octateuchum.
810 1744 905 1790 Hae
930 1743 1123 1790 Patrum
1152 1744 1422 1806 Synopticae
1451 1745 1768 1805 expositiones

299 1827 465 1887 primo,
490 1832 544 1872 ut
568 1826 743 1887 opinor,
769 1828 1043 1873 continuata
1077 1828 1195 1872 serie
1227 1833 1277 1872 et
1311 1828 1410 1873 sine
1444 1826 1586 1873 Sacro
1611 1832 1766 1881 textu,

301 1909 389 1954 nisi
430 1915 661 1969 quantum
702 1910 761 1955 ad
801 1910 1145 1969 expositionem
1185 1909 1373 1964 faceret,
1416 1910 1766 1956 scribebantur:

302 2007 415 2037 mox
447 1997 607 2037 autem
631 1992 681 2037 in
705 1991 1002 2037 Scholiorum
1027 1992 1225 2037 formam
1259 1993 1460 2038 redactae
1495 1998 1616 2047 sunt,
1641 2008 1768 2038 com-

302 2075 509 2120 matibus
544 2074 800 2134 disjunctae,
825 2079 875 2119 et
914 2074 964 2119 in
1005 2074 1096 2119 oris
1137 2074 1376 2129 librorum,
1400 2076 1480 2135 qui
1521 2075 1570 2120 in
1609 2076 1768 2121 medio

302 2157 481 2218 paginae
506 2156 697 2203 Sacram
723 2156 1018 2217 Scripturam
1042 2158 1364 2212 continebant,
1390 2162 1606 2204 exaratae.
1677 2157 1768 2203 His

306 2239 507 2285 Scholiis
557 2239 755 2285 subinde
805 2240 855 2285 in
907 2245 1121 2286 extrema
1164 2240 1376 2301 margine
1420 2255 1615 2286 annexae
1660 2244 1770 2286 sunt

306 2322 563 2369 Variorum
587 2321 784 2368 Patrum
808 2323 1066 2377 citationes,
1092 2338 1206 2383 quas
1229 2324 1424 2384 quisque
1448 2323 1662 2369 librarius
1684 2337 1769 2383 pro

304 2405 496 2450 arbitrio
537 2410 586 2450 et
626 2404 853 2451 facultate
898 2406 1182 2467 excerpebat
1226 2411 1276 2452 et
1317 2405 1480 2452 Codici
1519 2404 1768 2451 inserebat.

307 2486 436 2532 Hinc
460 2491 617 2531 ortum
638 2487 916 2541 habuerunt,
941 2503 1048 2534 mea
1071 2489 1262 2548 quidem
1285 2488 1532 2542 sententia,
1551 2486 1643 2533 illae
1666 2502 1769 2547 quae

307 2569 449 2630 vulgo
484 2575 816 2630 nuncupantur
850 2569 1053 2624 Catenae,
1078 2585 1105 2615 e
1133 2571 1269 2616 variis
1305 2570 1598 2630 Scriptorum
1635 2569 1771 2631 Sym—

307 2651 427 2697 bolis
461 2652 802 2706 consarcinatae,
827 2653 924 2698 sive
947 2658 1002 2698 ut
1024 2653 1112 2713 ipsi
1141 2668 1302 2699 earum
1333 2653 1623 2699 confectores
1657 2668 1771 2714 prae-

309 2734 464 2780 dicare
499 2734 666 2789 solenh,
689 2730 765 2780 ἆπὸ
789 2731 980 2796 διαφόρων
1007 2733 1181 2794 πατέρων
1205 2733 1465 2797 ἐρανισθέντα.
1536 2735 1654 2780 Inde
1690 2751 1771 2781 ex-

310 2820 413 2862 orta
453 2822 524 2862 est
569 2818 762 2878 insignis
806 2817 973 2863 harum
1013 2816 1300 2863 Catenarum
1341 2818 1554 2872 varietas,
1594 2818 1662 2863 ita
1700 2822 1768 2870 ut,

366 2999 386 3019 a
406 2992 544 3030 Anecd.
567 2992 682 3031 Paris.
704 3001 729 3030 t.
746 2993 778 3030 Ι.
801 3006 837 3043 p.
856 3005 947 3042 393,
967 3006 1027 3030 22.
1210 2991 1230 3020 b
1253 2992 1348 3030 Ibid.
1372 3001 1396 3029 t.
1414 2994 1445 3030 I.
1467 3006 1504 3043 p.
1520 3004 1609 3042 393.
1630 2993 1688 3030 18.
