1884 3392
687 217 723 258 P
731 216 834 259 RAE
847 216 977 259 FAT
988 217 1010 258 Ι
1020 215 1072 258 Ο.
1563 215 1619 257 vii

135 329 326 387 Collegio
347 331 473 373 Novo
493 329 795 372 oxoniensium
826 338 1076 380 asservatur,
1097 337 1140 370 et
1167 327 1294 385 paulo
1324 337 1419 385 post
1446 343 1471 370 a
1498 328 1619 371 nobis

133 397 374 456 diligentius
403 397 658 450 laudabitur,
683 397 725 439 in
757 397 950 455 proprios
982 412 1083 439 usus
1112 396 1390 454 descripsisse,
1410 412 1487 439 suo
1515 406 1618 439 tem-

132 481 235 524 pore
260 482 356 509 cum
377 466 543 509 erudito
562 466 663 509 orbe
689 466 811 509 istam
833 465 1257 508 communicaturum.
1317 467 1412 517 Qua
1444 465 1617 523 quidem

132 550 260 592 opera
278 550 362 577 non
382 535 442 577 ita
460 534 621 593 pridem
639 535 946 577 eruditissimus
961 533 1236 576 Bernhardus
1252 534 1616 587 Moutfauconius‚

132 602 174 645 in
198 604 321 646 Nova
343 603 600 646 Collectione
620 605 796 646 Patrum
818 613 861 645 et
889 603 1149 660 Scriptorum
1174 603 1422 645 Graecorum
1451 603 1619 661 egregie

132 671 359 715 defunctus
396 681 475 724 est,
511 671 586 729 qui
620 671 865 714 Eusebiano
902 671 970 714 isti
1011 671 1338 723 Commentario,
1371 682 1533 729 partem
1564 689 1617 716 ex

134 740 272 783 Codd.
292 741 397 793 aliis,
419 752 582 799 partem
601 757 654 784 ex
677 741 862 793 Catenis,
881 740 1107 798 descripto,
1123 740 1318 782 ultimum
1341 740 1382 782 in
1405 756 1455 783 eo
1477 742 1620 800 Opere,

133 808 270 851 locum
306 809 487 867 reliquit.
559 810 734 853 Addam
771 809 836 852 his
870 809 1034 852 illustre
1069 809 1186 851 Petri
1223 808 1412 852 Danielis
1449 810 1617 862 Huetii,

131 876 271 919 idonei
303 878 474 935 judiciS,
515 879 815 931 testimonium,
851 878 927 935 qui
968 878 1011 921 in
1052 888 1240 921 extrema
1277 877 1524 936 praefatione
1562 878 1618 920 ad

134 946 466 989 Commentarios
494 947 690 1006 Origenis
721 948 763 990 in
799 948 1060 1005 Scripturam
1094 948 1262 989 Sacram
1293 946 1434 996 refert,
1458 956 1617 989 tantam

134 1014 483 1071 Origenianorum
520 1017 780 1074 Scriptorum
816 1016 979 1073 copiam
1015 1015 1059 1057 in
1093 1015 1264 1058 Catenis
1296 1028 1472 1068 exstare,
1505 1026 1552 1058 ut
1584 1016 1618 1058 si

133 1082 230 1140 quis
248 1084 451 1141 quicquid
473 1085 775 1142 Origenianum
804 1094 867 1126 est
896 1083 1090 1141 colligere
1110 1093 1261 1140 speret,
1283 1084 1458 1141 perinde
1482 1084 1549 1135 sit,
1570 1101 1620 1127 ac

134 1150 168 1193 si
187 1166 301 1193 mare
321 1152 556 1205 exhaurire,
578 1155 644 1196 vel
663 1153 816 1196 coelum
837 1152 1024 1194 humeris
1044 1151 1247 1194 sustinere
1267 1151 1378 1195 velit.

193 1223 219 1242 “
232 1220 435 1270 Quamvis
454 1231 593 1263 autem
618 1237 700 1263 non
717 1221 861 1263 eadem
878 1220 1008 1262 fuerit
1022 1220 1210 1262 omnium
1229 1221 1407 1262 Patrum
1428 1221 1617 1274 felicitas,

133 1296 176 1329 et
204 1287 378 1344 quidam
410 1290 556 1342 rarius,
577 1289 749 1347 quidam
777 1287 1052 1346 frequentius,
1074 1288 1127 1330 ad
1156 1289 1367 1346 symbolas
1397 1305 1493 1332 suas
1521 1306 1618 1333 con-

132 1356 326 1399 ferendas
353 1358 628 1410 advocentur,
642 1358 883 1416 jucundum
916 1367 1054 1400 tamen
1086 1357 1172 1399 imo
1201 1367 1243 1400 et
1271 1357 1373 1400 utile
1402 1359 1544 1411 fuerit,
1565 1376 1617 1401 ex

135 1440 279 1482 ungue
311 1425 470 1468 leonem
501 1443 765 1484 cognoscere,
794 1437 836 1469 et
865 1442 918 1469 ex
947 1426 1186 1484 fragmento
1216 1426 1269 1468 de
1299 1443 1424 1484 opere
1453 1428 1620 1485 integro

135 1495 378 1537 sententiam
401 1496 510 1538 ferre
529 1512 665 1554 posse.
727 1498 985 1554 Fragmenta
1008 1495 1214 1553 ejusmodi
1244 1496 1287 1538 in
1308 1496 1465 1538 deliciis
1485 1513 1618 1554 quon-

135 1562 231 1604 dam
253 1563 404 1606 habuit
420 1564 660 1621 Stephanus
680 1564 718 1607 le
740 1566 916 1622 Moyne,
935 1563 1288 1621 Lugdunensium
1310 1564 1419 1606 inter
1435 1566 1620 1607 Batavos

136 1631 367 1683 Professor,
400 1633 523 1690 cujus
554 1633 645 1676 haec
683 1633 808 1676 verba
843 1650 886 1691 p.
916 1635 988 1688 67,
1020 1632 1430 1690 prolegomenorum‚
1463 1634 1620 1690 quibus

136 1699 262 1741 Varia
283 1701 410 1742 Sacra
438 1701 652 1754 instruxit,
671 1702 886 1760 leguntur.
949 1707 960 1725 ‘
976 1703 1038 1744 Et
1059 1701 1192 1757 magis
1211 1701 1300 1758 ipse
1321 1701 1504 1744 delector
1524 1703 1620 1745 sim-

137 1772 148 1790 ‘
165 1767 364 1824 plicitate,
395 1770 500 1822 zelo,
531 1770 741 1822 unctione,
770 1771 987 1822 charitate,
1019 1769 1316 1812 minutioribus
1349 1770 1472 1812 etiam
1507 1771 1620 1828 frag-

138 1841 149 1858 ‘
165 1836 327 1888 mentis,
345 1837 642 1890 Clementium,
657 1839 938 1896 Ignaffiorum,
961 1837 1311 1895 Polycarporum,
1332 1840 1363 1880 J
1369 1840 1618 1892 ustinorum,

139 1910 150 1928 ‘
167 1905 443 1957 Irenaeomm,
458 1906 788 1959 Quadratorum,
804 1906 1106 1964 Dionysiorum
1128 1906 1379 1948 Atheniens.
1403 1918 1444 1949 et
1466 1909 1617 1950 Corin-

138 1977 149 1996 ‘
166 1972 414 2025 thiacorum,
436 1986 478 2017 et
498 1975 675 2017 aliorum
698 1977 921 2030 θεοφόρωυ,
942 1990 1069 2032 quam
1098 1974 1276 2017 conditis
1305 1975 1394 2017 istis
1412 1977 1617 2034 cupediis,

137 2045 148 2064 ‘
165 2041 330 2084 mellitis
346 2042 538 2094 bellariis,
556 2044 788 2101 puerilibus
803 2044 1018 2101 placentiS,
1032 2043 1167 2086 acutis
1187 2044 1505 2097 subtilitatibus,
1522 2062 1619 2089 acu-

138 2113 150 2133 ‘
163 2108 282 2151 leatis
301 2120 343 2152 et
362 2110 535 2168 galeatis
556 2112 718 2169 scriptis
737 2112 979 2154 hodiernis.'

194 2181 226 2202 “
248 2179 359 2220 Cum
394 2179 471 2221 hae
503 2179 684 2222 utilitate
712 2180 904 2237 proxime
936 2179 1220 2237 conjungitur,
1252 2181 1367 2238 quod
1403 2181 1476 2224 ubi
1507 2182 1620 2239 frag-

135 2255 276 2288 menta
295 2246 366 2288 illa
385 2259 667 2299 recensentur,
687 2249 778 2291 fieri
799 2248 953 2291 mentio
974 2249 1225 2306 plerumque
1257 2249 1386 2292 soleat
1414 2250 1526 2292 illius
1553 2251 1619 2294 vel

134 2313 230 2355 libri
252 2314 316 2356 vel
337 2317 709 2368 commentationis,
731 2333 783 2359 ex
815 2332 901 2375 qua
930 2317 1104 2359 fuerunt
1133 2318 1347 2375 decerpta,
1371 2328 1418 2360 ut
1445 2319 1510 2361 vel
1540 2320 1620 2362 hoc

136 2381 263 2424 modo
289 2382 461 2425 historia
489 2384 671 2427 literaria
703 2386 962 2443 Scriptorum
994 2385 1381 2428 Ecclesiasticorum
1418 2403 1501 2430 non
1535 2403 1620 2430 una

135 2450 365 2493 accessione
393 2452 638 2509 locupletari
665 2454 807 2510 possit.
872 2453 961 2510 Ipsi
991 2468 1067 2495 nos
1095 2453 1222 2510 hujus
1254 2454 1492 2497 assertionis
1513 2456 1619 2498 veri-

136 2527 264 2560 tatem
292 2519 421 2576 paulo
448 2531 543 2577 post
573 2521 735 2578 aliquot
764 2521 966 2579 exemplis
997 2521 1171 2563 evictam
1206 2521 1414 2572 dabimus,
1436 2540 1617 2581 quorum

134 2586 390 2642 amplissima
419 2589 540 2645 eopia
575 2590 617 2631 in
649 2590 874 2632 Athanasii
895 2590 1121 2647 OperibuS,
1144 2591 1455 2633 Montfauconii
1478 2594 1620 2649 Opera

136 2654 272 2706 editis,
293 2663 335 2697 et
362 2656 405 2697 in
438 2658 563 2699 Nova
594 2658 780 2714 ejusdem
804 2658 1060 2701 Collectione
1089 2658 1366 2716 locupletatis,
1388 2659 1620 2717 deprehen-

137 2722 264 2765 ditur.
328 2725 460 2767 Simili
489 2727 615 2769 modo
643 2728 796 2785 saepius
818 2743 896 2769 usu
919 2726 1048 2778 venit,
1071 2736 1117 2768 ut
1141 2728 1396 2768 catenarum
1419 2728 1620 2772 beneficio

136 2805 384 2846 germanum
402 2794 635 2836 Auctorem
668 2795 761 2837 libri
795 2795 973 2851 alicujus
999 2794 1259 2851 detegamus,
1282 2795 1356 2851 qui
1377 2806 1500 2840 antea
1518 2799 1620 2841 alte-

138 2857 225 2900 rius
260 2874 411 2902 nomen
444 2861 705 2906 librariorum
735 2864 799 2905 vel
831 2863 1064 2920 ignorantia
1085 2863 1147 2904 vel
1171 2863 1395 2907 calliditate
1425 2875 1500 2908 aut
1529 2866 1621 2909 aliis

139 2925 193 2968 de
222 2929 372 2978 causis,
394 2945 482 2987 prae
514 2947 555 2973 se.
586 2931 693 2974 tulit.
755 2932 1040 2989 Exploratum
1067 2941 1128 2974 est
1155 2931 1419 2989 antiquitatis
1440 2934 1619 2987 Ecclesi-
