<?xml version="1.0" encoding="UTF-8"?>
<!DOCTYPE html PUBLIC "-//W3C//DTD XHTML 1.0 Transitional//EN"
    "http://www.w3.org/TR/xhtml1/DTD/xhtml1-transitional.dtd">
<html xmlns="http://www.w3.org/1999/xhtml" xml:lang="en" lang="en">
 <head>
  <title>
</title>
<meta http-equiv="Content-Type" content="text/html;charset=utf-8" />
  <meta name='ocr-system' content='tesseract 3.04.00' />
  <meta name='ocr-capabilities' content='ocr_page ocr_carea ocr_par ocr_line ocrx_word'/>
</head>
<body>
  <div class='ocr_page' id='page_1' title='image "./catenaegraecorum01cramuoft_0012.png"; bbox 0 0 1884 3392; ppageno 0'>
   <div class='ocr_carea' id='block_1_1' title="bbox 289 223 1220 266">
    <p class='ocr_par' dir='ltr' id='par_1_1' title="bbox 289 223 1220 266">
     <span class='ocr_line' id='line_1_1' title="bbox 289 223 1220 266; baseline 0 -2"><span class='ocrx_word' id='word_1_1' title='bbox 289 223 330 264; x_wconf 90' lang='lat' dir='ltr'>vi</span> <span class='ocrx_word' id='word_1_2' title='bbox 835 223 1220 266; x_wconf 83' lang='lat' dir='ltr'><strong>PRAEFATIO.</strong></span> 
     </span>
    </p>
   </div>
   <div class='ocr_carea' id='block_1_2' title="bbox 251 334 1763 3055">
    <p class='ocr_par' dir='ltr' id='par_1_2' title="bbox 290 334 1759 461">
     <span class='ocr_line' id='line_1_2' title="bbox 290 334 1759 394; baseline 0.001 -16"><span class='ocrx_word' id='word_1_3' title='bbox 290 351 375 388; x_wconf 89' lang='lat' dir='ltr'>eos,</span> <span class='ocrx_word' id='word_1_4' title='bbox 399 351 578 393; x_wconf 88' lang='lat' dir='ltr'>quorum</span> <span class='ocrx_word' id='word_1_5' title='bbox 610 336 808 378; x_wconf 86' lang='lat' dir='ltr'>memoria</span> <span class='ocrx_word' id='word_1_6' title='bbox 838 345 1047 394; x_wconf 89' lang='lat' dir='ltr'>superstes</span> <span class='ocrx_word' id='word_1_7' title='bbox 1075 346 1152 386; x_wconf 87' lang='lat' dir='ltr'>est,</span> <span class='ocrx_word' id='word_1_8' title='bbox 1177 335 1261 393; x_wconf 83' lang='lat' dir='ltr'>qui</span> <span class='ocrx_word' id='word_1_9' title='bbox 1279 334 1485 392; x_wconf 83' lang='lat' dir='ltr'>ejusmodi</span> <span class='ocrx_word' id='word_1_10' title='bbox 1515 335 1683 393; x_wconf 89' lang='lat' dir='ltr'>operam</span> <span class='ocrx_word' id='word_1_11' title='bbox 1715 337 1759 379; x_wconf 88' lang='lat' dir='ltr'>in</span> 
     </span>
     <span class='ocr_line' id='line_1_3' title="bbox 290 403 623 461; baseline 0.003 -16"><span class='ocrx_word' id='word_1_12' title='bbox 290 419 333 445; x_wconf 91' lang='lat' dir='ltr'>se</span> <span class='ocrx_word' id='word_1_13' title='bbox 354 403 623 461; x_wconf 85' lang='lat' dir='ltr'><strong>susceperint.</strong></span> 
     </span>
    </p>

    <p class='ocr_par' dir='ltr' id='par_1_3' title="bbox 251 471 1763 3055">
     <span class='ocr_line' id='line_1_4' title="bbox 347 471 1759 529; baseline 0.001 -16"><span class='ocrx_word' id='word_1_14' title='bbox 347 476 373 495; x_wconf 88' lang='lat'>“</span> <span class='ocrx_word' id='word_1_15' title='bbox 393 471 510 513; x_wconf 91' lang='lat' dir='ltr'>Sicut</span> <span class='ocrx_word' id='word_1_16' title='bbox 530 471 670 528; x_wconf 90' lang='lat' dir='ltr'>itaque</span> <span class='ocrx_word' id='word_1_17' title='bbox 692 473 865 514; x_wconf 85' lang='lat' dir='ltr'>Catenae</span> <span class='ocrx_word' id='word_1_18' title='bbox 889 487 914 514; x_wconf 89' lang='lat' dir='ltr'>a</span> <span class='ocrx_word' id='word_1_19' title='bbox 941 471 1114 514; x_wconf 89' lang='lat' dir='ltr'>diversis</span> <span class='ocrx_word' id='word_1_20' title='bbox 1135 471 1396 514; x_wconf 84' lang='lat' dir='ltr'>Auctoribus</span> <span class='ocrx_word' id='word_1_21' title='bbox 1415 472 1617 529; x_wconf 86' lang='lat' dir='ltr'>profectae</span> <span class='ocrx_word' id='word_1_22' title='bbox 1644 482 1759 524; x_wconf 86' lang='lat' dir='ltr'>sunt,</span> 
     </span>
     <span class='ocr_line' id='line_1_5' title="bbox 286 539 1761 598; baseline 0.003 -18"><span class='ocrx_word' id='word_1_23' title='bbox 286 539 361 596; x_wconf 90' lang='lat' dir='ltr'>qui</span> <span class='ocrx_word' id='word_1_24' title='bbox 391 554 502 581; x_wconf 89' lang='lat' dir='ltr'>nunc</span> <span class='ocrx_word' id='word_1_25' title='bbox 531 539 727 596; x_wconf 86' lang='lat' dir='ltr'>majorem</span> <span class='ocrx_word' id='word_1_26' title='bbox 753 555 866 582; x_wconf 91' lang='lat' dir='ltr'>nunc</span> <span class='ocrx_word' id='word_1_27' title='bbox 893 540 1092 582; x_wconf 80' lang='lat' dir='ltr'>minorem</span> <span class='ocrx_word' id='word_1_28' title='bbox 1124 539 1385 591; x_wconf 89' lang='lat' dir='ltr'>industriam,</span> <span class='ocrx_word' id='word_1_29' title='bbox 1407 540 1692 598; x_wconf 89' lang='lat' dir='ltr'>doctrinaeque</span> <span class='ocrx_word' id='word_1_30' title='bbox 1718 552 1761 584; x_wconf 92' lang='lat' dir='ltr'>et</span> 
     </span>
     <span class='ocr_line' id='line_1_6' title="bbox 280 607 1762 667; baseline 0.001 -18"><span class='ocrx_word' id='word_1_31' title='bbox 280 607 430 664; x_wconf 88' lang='lat' dir='ltr'>judicii</span> <span class='ocrx_word' id='word_1_32' title='bbox 458 617 706 665; x_wconf 86' lang='lat' dir='ltr'>apparatum</span> <span class='ocrx_word' id='word_1_33' title='bbox 731 609 988 655; x_wconf 87' lang='lat' dir='ltr'>attulerunt;</span> <span class='ocrx_word' id='word_1_34' title='bbox 1021 608 1094 658; x_wconf 84' lang='lat' dir='ltr'>ita,</span> <span class='ocrx_word' id='word_1_35' title='bbox 1118 610 1182 650; x_wconf 91' lang='lat' dir='ltr'>vel</span> <span class='ocrx_word' id='word_1_36' title='bbox 1209 623 1276 649; x_wconf 90' lang='lat' dir='ltr'>me</span> <span class='ocrx_word' id='word_1_37' title='bbox 1300 623 1382 650; x_wconf 91' lang='lat' dir='ltr'>non</span> <span class='ocrx_word' id='word_1_38' title='bbox 1404 619 1612 659; x_wconf 88' lang='lat' dir='ltr'>monente,</span> <span class='ocrx_word' id='word_1_39' title='bbox 1634 625 1762 667; x_wconf 87' lang='lat' dir='ltr'>appa-</span> 
     </span>
     <span class='ocr_line' id='line_1_7' title="bbox 287 675 1762 733; baseline 0.001 -17"><span class='ocrx_word' id='word_1_40' title='bbox 287 685 362 726; x_wconf 87' lang='lat' dir='ltr'>ret,</span> <span class='ocrx_word' id='word_1_41' title='bbox 401 690 481 716; x_wconf 93' lang='lat' dir='ltr'>non</span> <span class='ocrx_word' id='word_1_42' title='bbox 516 675 626 717; x_wconf 88' lang='lat' dir='ltr'>idem</span> <span class='ocrx_word' id='word_1_43' title='bbox 663 675 716 717; x_wconf 91' lang='lat' dir='ltr'>de</span> <span class='ocrx_word' id='word_1_44' title='bbox 751 675 924 732; x_wconf 87' lang='lat' dir='ltr'>singulis</span> <span class='ocrx_word' id='word_1_45' title='bbox 956 676 1164 733; x_wconf 86' lang='lat' dir='ltr'>judicium</span> <span class='ocrx_word' id='word_1_46' title='bbox 1201 676 1300 718; x_wconf 85' lang='lat' dir='ltr'>ferri</span> <span class='ocrx_word' id='word_1_47' title='bbox 1337 691 1468 733; x_wconf 81' lang='lat' dir='ltr'>posse,</span> <span class='ocrx_word' id='word_1_48' title='bbox 1505 686 1547 718; x_wconf 90' lang='lat' dir='ltr'>et</span> <span class='ocrx_word' id='word_1_49' title='bbox 1583 692 1633 718; x_wconf 87' lang='lat' dir='ltr'>ex</span> <span class='ocrx_word' id='word_1_50' title='bbox 1671 677 1762 719; x_wconf 91' lang='lat' dir='ltr'>aliis</span> 
     </span>
     <span class='ocr_line' id='line_1_8' title="bbox 286 743 1762 799; baseline 0.003 -15"><span class='ocrx_word' id='word_1_51' title='bbox 286 743 501 799; x_wconf 88' lang='lat' dir='ltr'>ampliora,</span> <span class='ocrx_word' id='word_1_52' title='bbox 523 743 684 786; x_wconf 86' lang='lat' dir='ltr'>minora</span> <span class='ocrx_word' id='word_1_53' title='bbox 705 759 756 786; x_wconf 87' lang='lat' dir='ltr'>ex</span> <span class='ocrx_word' id='word_1_54' title='bbox 776 744 865 786; x_wconf 89' lang='lat' dir='ltr'>aliis</span> <span class='ocrx_word' id='word_1_55' title='bbox 884 745 1102 786; x_wconf 91' lang='lat' dir='ltr'>commoda</span> <span class='ocrx_word' id='word_1_56' title='bbox 1119 744 1182 786; x_wconf 91' lang='lat' dir='ltr'>vel</span> <span class='ocrx_word' id='word_1_57' title='bbox 1203 745 1465 787; x_wconf 90' lang='lat' dir='ltr'>incommoda</span> <span class='ocrx_word' id='word_1_58' title='bbox 1485 745 1539 787; x_wconf 86' lang='lat' dir='ltr'>ad</span> <span class='ocrx_word' id='word_1_59' title='bbox 1562 746 1762 788; x_wconf 83' lang='lat' dir='ltr'>Lectores</span> 
     </span>
     <span class='ocr_line' id='line_1_9' title="bbox 285 809 1763 870; baseline 0.003 -19"><span class='ocrx_word' id='word_1_60' title='bbox 285 809 477 862; x_wconf 85' lang='lat' dir='ltr'>derivari,</span> <span class='ocrx_word' id='word_1_61' title='bbox 509 811 666 853; x_wconf 90' lang='lat' dir='ltr'>nullam</span> <span class='ocrx_word' id='word_1_62' title='bbox 699 827 797 854; x_wconf 89' lang='lat' dir='ltr'>vero</span> <span class='ocrx_word' id='word_1_63' title='bbox 829 812 872 853; x_wconf 88' lang='lat' dir='ltr'>in</span> <span class='ocrx_word' id='word_1_64' title='bbox 906 812 1142 854; x_wconf 90' lang='lat' dir='ltr'>universum</span> <span class='ocrx_word' id='word_1_65' title='bbox 1174 812 1232 854; x_wconf 91' lang='lat' dir='ltr'>ita</span> <span class='ocrx_word' id='word_1_66' title='bbox 1263 823 1543 870; x_wconf 82' lang='lat' dir='ltr'>comparatam</span> <span class='ocrx_word' id='word_1_67' title='bbox 1579 830 1681 865; x_wconf 86' lang='lat' dir='ltr'>esse,</span> <span class='ocrx_word' id='word_1_68' title='bbox 1714 825 1763 857; x_wconf 88' lang='lat' dir='ltr'>ut</span> 
     </span>
     <span class='ocr_line' id='line_1_10' title="bbox 286 879 1759 938; baseline 0.003 -18"><span class='ocrx_word' id='word_1_69' title='bbox 286 893 370 920; x_wconf 90' lang='lat' dir='ltr'>non</span> <span class='ocrx_word' id='word_1_70' title='bbox 392 879 485 931; x_wconf 88' lang='lat' dir='ltr'>sint,</span> <span class='ocrx_word' id='word_1_71' title='bbox 508 895 605 935; x_wconf 91' lang='lat' dir='ltr'>quae</span> <span class='ocrx_word' id='word_1_72' title='bbox 626 879 757 931; x_wconf 89' lang='lat' dir='ltr'>tollas,</span> <span class='ocrx_word' id='word_1_73' title='bbox 780 895 931 936; x_wconf 91' lang='lat' dir='ltr'>quaeve</span> <span class='ocrx_word' id='word_1_74' title='bbox 957 881 1161 938; x_wconf 85' lang='lat' dir='ltr'>repudies.</span> <span class='ocrx_word' id='word_1_75' title='bbox 1224 881 1291 922; x_wconf 87' lang='lat' dir='ltr'>Sic</span> <span class='ocrx_word' id='word_1_76' title='bbox 1319 896 1454 933; x_wconf 83' lang='lat' dir='ltr'>nemo,</span> <span class='ocrx_word' id='word_1_77' title='bbox 1476 881 1616 931; x_wconf 81' lang='lat' dir='ltr'>credo,</span> <span class='ocrx_word' id='word_1_78' title='bbox 1639 882 1759 924; x_wconf 89' lang='lat' dir='ltr'>dubi-</span> 
     </span>
     <span class='ocr_line' id='line_1_11' title="bbox 286 946 1763 1000; baseline 0.003 -13"><span class='ocrx_word' id='word_1_79' title='bbox 286 946 450 998; x_wconf 85' lang='lat' dir='ltr'>taverit,</span> <span class='ocrx_word' id='word_1_80' title='bbox 484 948 712 989; x_wconf 89' lang='lat' dir='ltr'>Lectorum</span> <span class='ocrx_word' id='word_1_81' title='bbox 748 948 874 989; x_wconf 87' lang='lat' dir='ltr'>rebus</span> <span class='ocrx_word' id='word_1_82' title='bbox 909 948 1138 990; x_wconf 85' lang='lat' dir='ltr'>admodum</span> <span class='ocrx_word' id='word_1_83' title='bbox 1172 949 1343 1000; x_wconf 80' lang='lat' dir='ltr'>consuli,</span> <span class='ocrx_word' id='word_1_84' title='bbox 1367 950 1400 990; x_wconf 91' lang='lat' dir='ltr'>si</span> <span class='ocrx_word' id='word_1_85' title='bbox 1431 965 1480 991; x_wconf 87' lang='lat' dir='ltr'>ea</span> <span class='ocrx_word' id='word_1_86' title='bbox 1510 949 1585 991; x_wconf 90' lang='lat' dir='ltr'>sibi</span> <span class='ocrx_word' id='word_1_87' title='bbox 1616 950 1763 992; x_wconf 89' lang='lat' dir='ltr'>obver-</span> 
     </span>
     <span class='ocr_line' id='line_1_12' title="bbox 286 1014 1762 1074; baseline 0.003 -19"><span class='ocrx_word' id='word_1_88' title='bbox 286 1014 366 1056; x_wconf 87' lang='lat' dir='ltr'>sari</span> <span class='ocrx_word' id='word_1_89' title='bbox 396 1014 437 1056; x_wconf 89' lang='lat' dir='ltr'>in</span> <span class='ocrx_word' id='word_1_90' title='bbox 469 1014 715 1071; x_wconf 87' lang='lat' dir='ltr'>compendio</span> <span class='ocrx_word' id='word_1_91' title='bbox 739 1015 919 1066; x_wconf 85' lang='lat' dir='ltr'>videant,</span> <span class='ocrx_word' id='word_1_92' title='bbox 942 1031 1038 1071; x_wconf 90' lang='lat' dir='ltr'>quae</span> <span class='ocrx_word' id='word_1_93' title='bbox 1067 1016 1343 1072; x_wconf 82' lang='lat' dir='ltr'>antiquissimi</span> <span class='ocrx_word' id='word_1_94' title='bbox 1371 1018 1531 1074; x_wconf 90' lang='lat' dir='ltr'>quique</span> <span class='ocrx_word' id='word_1_95' title='bbox 1561 1017 1762 1059; x_wconf 85' lang='lat' dir='ltr'>Ecclesiae</span> 
     </span>
     <span class='ocr_line' id='line_1_13' title="bbox 286 1083 1760 1142; baseline 0.002 -18"><span class='ocrx_word' id='word_1_96' title='bbox 286 1083 505 1134; x_wconf 84' lang='lat' dir='ltr'>Doctores,</span> <span class='ocrx_word' id='word_1_97' title='bbox 523 1099 548 1125; x_wconf 88' lang='lat' dir='ltr'>a</span> <span class='ocrx_word' id='word_1_98' title='bbox 568 1083 713 1140; x_wconf 90' lang='lat' dir='ltr'>primis</span> <span class='ocrx_word' id='word_1_99' title='bbox 733 1083 947 1125; x_wconf 81' lang='lat' dir='ltr'>divinioris</span> <span class='ocrx_word' id='word_1_100' title='bbox 967 1093 1099 1125; x_wconf 86' lang='lat' dir='ltr'>coetus</span> <span class='ocrx_word' id='word_1_101' title='bbox 1119 1084 1350 1141; x_wconf 84' lang='lat' dir='ltr'>originibus</span> <span class='ocrx_word' id='word_1_102' title='bbox 1371 1100 1446 1142; x_wconf 89' lang='lat' dir='ltr'>per</span> <span class='ocrx_word' id='word_1_103' title='bbox 1462 1085 1575 1127; x_wconf 87' lang='lat' dir='ltr'>varia</span> <span class='ocrx_word' id='word_1_104' title='bbox 1596 1086 1760 1138; x_wconf 85' lang='lat' dir='ltr'>saecula,</span> 
     </span>
     <span class='ocr_line' id='line_1_14' title="bbox 285 1151 1760 1210; baseline 0.003 -18"><span class='ocrx_word' id='word_1_105' title='bbox 285 1151 339 1192; x_wconf 91' lang='lat' dir='ltr'>de</span> <span class='ocrx_word' id='word_1_106' title='bbox 374 1151 504 1193; x_wconf 91' lang='lat' dir='ltr'>divini</span> <span class='ocrx_word' id='word_1_107' title='bbox 542 1151 763 1208; x_wconf 87' lang='lat' dir='ltr'>Scriptoris</span> <span class='ocrx_word' id='word_1_108' title='bbox 801 1162 952 1203; x_wconf 85' lang='lat' dir='ltr'>mente,</span> <span class='ocrx_word' id='word_1_109' title='bbox 985 1167 1287 1209; x_wconf 89' lang='lat' dir='ltr'>nonnunquam</span> <span class='ocrx_word' id='word_1_110' title='bbox 1319 1153 1474 1205; x_wconf 76' lang='lat' dir='ltr'>abdita,</span> <span class='ocrx_word' id='word_1_111' title='bbox 1500 1153 1760 1210; x_wconf 84' lang='lat' dir='ltr'>judicarunt,</span> 
     </span>
     <span class='ocr_line' id='line_1_15' title="bbox 284 1219 1762 1278; baseline 0.002 -18"><span class='ocrx_word' id='word_1_112' title='bbox 284 1234 380 1260; x_wconf 89' lang='lat' dir='ltr'>cum</span> <span class='ocrx_word' id='word_1_113' title='bbox 403 1219 568 1261; x_wconf 90' lang='lat' dir='ltr'>illorum</span> <span class='ocrx_word' id='word_1_114' title='bbox 591 1219 762 1276; x_wconf 91' lang='lat' dir='ltr'>quidem</span> <span class='ocrx_word' id='word_1_115' title='bbox 783 1220 1007 1262; x_wconf 81' lang='lat' dir='ltr'>auctoritas</span> <span class='ocrx_word' id='word_1_116' title='bbox 1036 1236 1118 1262; x_wconf 89' lang='lat' dir='ltr'>non</span> <span class='ocrx_word' id='word_1_117' title='bbox 1140 1220 1310 1277; x_wconf 90' lang='lat' dir='ltr'>quidem</span> <span class='ocrx_word' id='word_1_118' title='bbox 1332 1231 1626 1278; x_wconf 86' lang='lat' dir='ltr'>argumentum</span> <span class='ocrx_word' id='word_1_119' title='bbox 1647 1222 1762 1263; x_wconf 91' lang='lat' dir='ltr'>omni</span> 
     </span>
     <span class='ocr_line' id='line_1_16' title="bbox 284 1287 1763 1346; baseline 0.003 -19"><span class='ocrx_word' id='word_1_120' title='bbox 284 1287 529 1344; x_wconf 83' lang='lat' dir='ltr'>exceptione</span> <span class='ocrx_word' id='word_1_121' title='bbox 559 1288 708 1344; x_wconf 87' lang='lat' dir='ltr'>majus,</span> <span class='ocrx_word' id='word_1_122' title='bbox 731 1303 867 1345; x_wconf 88' lang='lat' dir='ltr'>neque</span> <span class='ocrx_word' id='word_1_123' title='bbox 889 1299 1025 1331; x_wconf 87' lang='lat' dir='ltr'>tamen</span> <span class='ocrx_word' id='word_1_124' title='bbox 1057 1305 1227 1346; x_wconf 89' lang='lat' dir='ltr'>prorsus</span> <span class='ocrx_word' id='word_1_125' title='bbox 1257 1289 1419 1331; x_wconf 89' lang='lat' dir='ltr'>nullum</span> <span class='ocrx_word' id='word_1_126' title='bbox 1449 1298 1523 1331; x_wconf 87' lang='lat' dir='ltr'>aut</span> <span class='ocrx_word' id='word_1_127' title='bbox 1548 1290 1638 1332; x_wconf 80' lang='lat' dir='ltr'>leve</span> <span class='ocrx_word' id='word_1_128' title='bbox 1665 1290 1763 1332; x_wconf 86' lang='lat' dir='ltr'>affe-</span> 
     </span>
     <span class='ocr_line' id='line_1_17' title="bbox 285 1356 1760 1414; baseline 0.003 -18"><span class='ocrx_word' id='word_1_129' title='bbox 285 1365 394 1406; x_wconf 86' lang='lat' dir='ltr'>rant,</span> <span class='ocrx_word' id='word_1_130' title='bbox 416 1356 628 1413; x_wconf 87' lang='lat' dir='ltr'>praecipue</span> <span class='ocrx_word' id='word_1_131' title='bbox 652 1357 683 1398; x_wconf 89' lang='lat' dir='ltr'>si</span> <span class='ocrx_word' id='word_1_132' title='bbox 705 1357 1033 1414; x_wconf 81' lang='lat' dir='ltr'>praestantissimi</span> <span class='ocrx_word' id='word_1_133' title='bbox 1055 1358 1254 1400; x_wconf 87' lang='lat' dir='ltr'>Ecclesiae</span> <span class='ocrx_word' id='word_1_134' title='bbox 1275 1358 1500 1400; x_wconf 88' lang='lat' dir='ltr'>Antistites</span> <span class='ocrx_word' id='word_1_135' title='bbox 1520 1358 1561 1399; x_wconf 91' lang='lat' dir='ltr'>in</span> <span class='ocrx_word' id='word_1_136' title='bbox 1585 1358 1760 1400; x_wconf 85' lang='lat' dir='ltr'>eandem</span> 
     </span>
     <span class='ocr_line' id='line_1_18' title="bbox 286 1424 1759 1483; baseline 0.003 -18"><span class='ocrx_word' id='word_1_137' title='bbox 286 1424 528 1466; x_wconf 88' lang='lat' dir='ltr'>sententiam</span> <span class='ocrx_word' id='word_1_138' title='bbox 568 1425 697 1467; x_wconf 88' lang='lat' dir='ltr'>amice</span> <span class='ocrx_word' id='word_1_139' title='bbox 727 1426 962 1483; x_wconf 88' lang='lat' dir='ltr'>conspirare</span> <span class='ocrx_word' id='word_1_140' title='bbox 991 1426 1225 1470; x_wconf 86' lang='lat' dir='ltr'>videantur.</span> <span class='ocrx_word' id='word_1_141' title='bbox 1290 1427 1491 1478; x_wconf 85' lang='lat' dir='ltr'>Quamvis</span> <span class='ocrx_word' id='word_1_142' title='bbox 1524 1426 1632 1468; x_wconf 88' lang='lat' dir='ltr'>enim</span> <span class='ocrx_word' id='word_1_143' title='bbox 1663 1442 1759 1469; x_wconf 88' lang='lat' dir='ltr'>cum</span> 
     </span>
     <span class='ocr_line' id='line_1_19' title="bbox 286 1493 1760 1551; baseline 0.003 -17"><span class='ocrx_word' id='word_1_144' title='bbox 286 1493 422 1535; x_wconf 89' lang='lat' dir='ltr'>Paulo</span> <span class='ocrx_word' id='word_1_145' title='bbox 447 1493 680 1535; x_wconf 90' lang='lat' dir='ltr'>Colomesio</span> <span class='ocrx_word' id='word_1_146' title='bbox 707 1510 749 1551; x_wconf 91' lang='lat' dir='ltr'>p.</span> <span class='ocrx_word' id='word_1_147' title='bbox 774 1496 869 1536; x_wconf 85' lang='lat'>126.</span> <span class='ocrx_word' id='word_1_148' title='bbox 894 1494 1242 1537; x_wconf 77' lang='lat' dir='ltr'>Observationum</span> <span class='ocrx_word' id='word_1_149' title='bbox 1268 1496 1487 1537; x_wconf 87' lang='lat' dir='ltr'>Sacrarum</span> <span class='ocrx_word' id='word_1_150' title='bbox 1511 1495 1647 1537; x_wconf 85' lang='lat' dir='ltr'>dicere</span> <span class='ocrx_word' id='word_1_151' title='bbox 1677 1511 1760 1538; x_wconf 90' lang='lat' dir='ltr'>non</span> 
     </span>
     <span class='ocr_line' id='line_1_20' title="bbox 286 1561 1761 1619; baseline 0.001 -17"><span class='ocrx_word' id='word_1_152' title='bbox 286 1561 509 1603; x_wconf 90' lang='lat' dir='ltr'>sustineam</span> <span class='ocrx_word' id='word_1_153' title='bbox 547 1561 766 1603; x_wconf 83' lang='lat' dir='ltr'>‘vilescere</span> <span class='ocrx_word' id='word_1_154' title='bbox 805 1562 925 1604; x_wconf 92' lang='lat' dir='ltr'>nobis</span> <span class='ocrx_word' id='word_1_155' title='bbox 964 1562 1260 1604; x_wconf 86' lang='lat' dir='ltr'>hodiernorum</span> <span class='ocrx_word' id='word_1_156' title='bbox 1300 1562 1614 1619; x_wconf 87' lang='lat' dir='ltr'>Theologorum</span> <span class='ocrx_word' id='word_1_157' title='bbox 1650 1578 1761 1604; x_wconf 90' lang='lat' dir='ltr'>com-</span> 
     </span>
     <span class='ocr_line' id='line_1_21' title="bbox 288 1630 1761 1687; baseline 0.001 -15"><span class='ocrx_word' id='word_1_158' title='bbox 288 1630 676 1681; x_wconf 82' lang='lat' dir='ltr'>‘mentatiunculas‚</span> <span class='ocrx_word' id='word_1_159' title='bbox 706 1631 869 1687; x_wconf 90' lang='lat' dir='ltr'>quoties</span> <span class='ocrx_word' id='word_1_160' title='bbox 898 1631 1083 1673; x_wconf 89' lang='lat' dir='ltr'>animum</span> <span class='ocrx_word' id='word_1_161' title='bbox 1115 1631 1279 1674; x_wconf 87' lang='lat' dir='ltr'>erudita</span> <span class='ocrx_word' id='word_1_162' title='bbox 1308 1631 1379 1673; x_wconf 90' lang='lat' dir='ltr'>illa</span> <span class='ocrx_word' id='word_1_163' title='bbox 1407 1648 1455 1673; x_wconf 93' lang='lat' dir='ltr'>ac</span> <span class='ocrx_word' id='word_1_164' title='bbox 1485 1631 1655 1673; x_wconf 88' lang='lat' dir='ltr'>salutari</span> <span class='ocrx_word' id='word_1_165' title='bbox 1680 1633 1761 1674; x_wconf 91' lang='lat' dir='ltr'>Pa-</span> 
     </span>
     <span class='ocr_line' id='line_1_22' title="bbox 288 1698 1761 1756; baseline 0.001 -17"><span class='ocrx_word' id='word_1_166' title='bbox 288 1703 428 1740; x_wconf 89' lang='lat' dir='ltr'>‘trum</span> <span class='ocrx_word' id='word_1_167' title='bbox 462 1698 637 1740; x_wconf 90' lang='lat' dir='ltr'>lectione</span> <span class='ocrx_word' id='word_1_168' title='bbox 671 1699 906 1756; x_wconf 80' lang='lat' dir='ltr'>pascimus‚&#39;</span> <span class='ocrx_word' id='word_1_169' title='bbox 928 1699 1053 1741; x_wconf 89' lang='lat' dir='ltr'>nolim</span> <span class='ocrx_word' id='word_1_170' title='bbox 1086 1709 1240 1752; x_wconf 88' lang='lat' dir='ltr'>tamen,</span> <span class='ocrx_word' id='word_1_171' title='bbox 1268 1700 1397 1742; x_wconf 88' lang='lat' dir='ltr'>instar</span> <span class='ocrx_word' id='word_1_172' title='bbox 1427 1699 1630 1741; x_wconf 89' lang='lat' dir='ltr'>fastidiosi</span> <span class='ocrx_word' id='word_1_173' title='bbox 1664 1715 1761 1741; x_wconf 92' lang='lat' dir='ltr'>con-</span> 
     </span>
     <span class='ocr_line' id='line_1_23' title="bbox 286 1766 1758 1823; baseline 0 -15"><span class='ocrx_word' id='word_1_174' title='bbox 286 1766 486 1818; x_wconf 82' lang='lat' dir='ltr'>temtoris,</span> <span class='ocrx_word' id='word_1_175' title='bbox 508 1767 588 1808; x_wconf 88' lang='lat' dir='ltr'>illis</span> <span class='ocrx_word' id='word_1_176' title='bbox 608 1782 778 1823; x_wconf 89' lang='lat' dir='ltr'>prorsus</span> <span class='ocrx_word' id='word_1_177' title='bbox 798 1767 902 1809; x_wconf 89' lang='lat' dir='ltr'>nihil</span> <span class='ocrx_word' id='word_1_178' title='bbox 923 1768 1119 1820; x_wconf 81' lang='lat' dir='ltr'>tribuere,</span> <span class='ocrx_word' id='word_1_179' title='bbox 1142 1768 1209 1810; x_wconf 84' lang='lat' dir='ltr'>sed</span> <span class='ocrx_word' id='word_1_180' title='bbox 1234 1768 1412 1810; x_wconf 89' lang='lat' dir='ltr'>mediam</span> <span class='ocrx_word' id='word_1_181' title='bbox 1435 1777 1615 1810; x_wconf 86' lang='lat' dir='ltr'>sectatus</span> <span class='ocrx_word' id='word_1_182' title='bbox 1635 1767 1758 1818; x_wconf 88' lang='lat' dir='ltr'>viam,</span> 
     </span>
     <span class='ocr_line' id='line_1_24' title="bbox 286 1835 1760 1893; baseline 0 -16"><span class='ocrx_word' id='word_1_183' title='bbox 286 1851 383 1878; x_wconf 92' lang='lat' dir='ltr'>cum</span> <span class='ocrx_word' id='word_1_184' title='bbox 412 1835 556 1877; x_wconf 89' lang='lat' dir='ltr'>eodem</span> <span class='ocrx_word' id='word_1_185' title='bbox 581 1835 825 1887; x_wconf 84' lang='lat' dir='ltr'>Colomesio,</span> <span class='ocrx_word' id='word_1_186' title='bbox 848 1836 945 1878; x_wconf 90' lang='lat' dir='ltr'>alibi</span> <span class='ocrx_word' id='word_1_187' title='bbox 977 1836 1204 1878; x_wconf 90' lang='lat' dir='ltr'>modestius</span> <span class='ocrx_word' id='word_1_188' title='bbox 1235 1836 1447 1888; x_wconf 86' lang='lat' dir='ltr'>sentiente,</span> <span class='ocrx_word' id='word_1_189' title='bbox 1464 1835 1673 1893; x_wconf 85' lang='lat' dir='ltr'>judicium</span> <span class='ocrx_word' id='word_1_190' title='bbox 1701 1835 1760 1877; x_wconf 87' lang='lat' dir='ltr'>ita</span> 
     </span>
     <span class='ocr_line' id='line_1_25' title="bbox 286 1903 1761 1962; baseline 0.001 -17"><span class='ocrx_word' id='word_1_191' title='bbox 286 1905 466 1946; x_wconf 85' lang='lat' dir='ltr'>formare</span> <span class='ocrx_word' id='word_1_192' title='bbox 496 1904 660 1946; x_wconf 88' lang='lat' dir='ltr'>malim:</span> <span class='ocrx_word' id='word_1_193' title='bbox 697 1904 818 1961; x_wconf 89' lang='lat' dir='ltr'>‘quis</span> <span class='ocrx_word' id='word_1_194' title='bbox 847 1921 873 1946; x_wconf 91' lang='lat' dir='ltr'>a</span> <span class='ocrx_word' id='word_1_195' title='bbox 899 1905 1043 1962; x_wconf 85' lang='lat' dir='ltr'>primis</span> <span class='ocrx_word' id='word_1_196' title='bbox 1072 1905 1151 1946; x_wconf 85' lang='lat' dir='ltr'>illis</span> <span class='ocrx_word' id='word_1_197' title='bbox 1176 1904 1424 1947; x_wconf 87' lang='lat' dir='ltr'>Christianis</span> <span class='ocrx_word' id='word_1_198' title='bbox 1454 1903 1606 1946; x_wconf 86' lang='lat' dir='ltr'>saeculo</span> <span class='ocrx_word' id='word_1_199' title='bbox 1632 1903 1761 1960; x_wconf 90' lang='lat' dir='ltr'>majo-</span> 
     </span>
     <span class='ocr_line' id='line_1_26' title="bbox 288 1972 1758 2029; baseline -0.001 -15"><span class='ocrx_word' id='word_1_200' title='bbox 288 1973 432 2015; x_wconf 86' lang='lat' dir='ltr'>‘ribus</span> <span class='ocrx_word' id='word_1_201' title='bbox 467 1973 653 2014; x_wconf 87' lang='lat' dir='ltr'>omnium</span> <span class='ocrx_word' id='word_1_202' title='bbox 687 1973 914 2029; x_wconf 87' lang='lat' dir='ltr'>Scripturae</span> <span class='ocrx_word' id='word_1_203' title='bbox 949 1973 1134 2015; x_wconf 91' lang='lat' dir='ltr'>locorum</span> <span class='ocrx_word' id='word_1_204' title='bbox 1167 1988 1406 2029; x_wconf 87' lang='lat' dir='ltr'>germanam</span> <span class='ocrx_word' id='word_1_205' title='bbox 1440 1972 1758 2029; x_wconf 87' lang='lat' dir='ltr'>explicationem</span> 
     </span>
     <span class='ocr_line' id='line_1_27' title="bbox 251 2040 1756 2098; baseline 0 -16"><span class='ocrx_word' id='word_1_206' title='bbox 251 2094 255 2098; x_wconf 15' lang='grc' dir='ltr'>ἱ</span> <span class='ocrx_word' id='word_1_207' title='bbox 288 2047 300 2066; x_wconf 86' lang='lat'>‘</span> <span class='ocrx_word' id='word_1_208' title='bbox 316 2041 528 2098; x_wconf 81' lang='lat' dir='ltr'>postulet?</span> <span class='ocrx_word' id='word_1_209' title='bbox 559 2041 655 2097; x_wconf 90' lang='lat' dir='ltr'>quis</span> <span class='ocrx_word' id='word_1_210' title='bbox 682 2041 721 2082; x_wconf 93' lang='lat' dir='ltr'>in</span> <span class='ocrx_word' id='word_1_211' title='bbox 744 2041 886 2083; x_wconf 82' lang='lat' dir='ltr'>multis</span> <span class='ocrx_word' id='word_1_212' title='bbox 906 2057 974 2082; x_wconf 91' lang='lat' dir='ltr'>eos</span> <span class='ocrx_word' id='word_1_213' title='bbox 995 2057 1076 2082; x_wconf 94' lang='lat' dir='ltr'>non</span> <span class='ocrx_word' id='word_1_214' title='bbox 1098 2057 1218 2098; x_wconf 83' lang='lat' dir='ltr'>aeque</span> <span class='ocrx_word' id='word_1_215' title='bbox 1239 2040 1511 2082; x_wconf 87' lang='lat' dir='ltr'>hallucinatos</span> <span class='ocrx_word' id='word_1_216' title='bbox 1538 2040 1756 2092; x_wconf 86' lang='lat' dir='ltr'>existimet,</span> 
     </span>
     <span class='ocr_line' id='line_1_28' title="bbox 288 2108 1758 2167; baseline 0 -16"><span class='ocrx_word' id='word_1_217' title='bbox 288 2115 442 2166; x_wconf 88' lang='lat' dir='ltr'>‘atque</span> <span class='ocrx_word' id='word_1_218' title='bbox 473 2125 616 2151; x_wconf 89' lang='lat' dir='ltr'>eorum</span> <span class='ocrx_word' id='word_1_219' title='bbox 652 2119 825 2167; x_wconf 86' lang='lat' dir='ltr'>nepotes</span> <span class='ocrx_word' id='word_1_220' title='bbox 838 2111 868 2151; x_wconf 51' lang='grc' dir='ltr'>,Ψ</span> <span class='ocrx_word' id='word_1_221' title='bbox 902 2109 1023 2159; x_wconf 89' lang='lat' dir='ltr'>Vide,</span> <span class='ocrx_word' id='word_1_222' title='bbox 1056 2109 1088 2151; x_wconf 89' lang='lat' dir='ltr'>si</span> <span class='ocrx_word' id='word_1_223' title='bbox 1123 2111 1272 2166; x_wconf 88' lang='lat' dir='ltr'>placet,</span> <span class='ocrx_word' id='word_1_224' title='bbox 1303 2108 1526 2150; x_wconf 90' lang='lat' dir='ltr'>Colomesii</span> <span class='ocrx_word' id='word_1_225' title='bbox 1556 2119 1674 2151; x_wconf 85' lang='lat' dir='ltr'>notas</span> <span class='ocrx_word' id='word_1_226' title='bbox 1702 2110 1758 2151; x_wconf 89' lang='lat' dir='ltr'>ad</span> 
     </span>
     <span class='ocr_line' id='line_1_29' title="bbox 285 2177 1756 2235; baseline 0 -15"><span class='ocrx_word' id='word_1_227' title='bbox 285 2178 500 2235; x_wconf 89' lang='lat' dir='ltr'>epistolam</span> <span class='ocrx_word' id='word_1_228' title='bbox 539 2178 776 2220; x_wconf 90' lang='lat' dir='ltr'>Clementis.</span> <span class='ocrx_word' id='word_1_229' title='bbox 839 2180 1051 2220; x_wconf 81' lang='lat' dir='ltr'>Praeterea</span> <span class='ocrx_word' id='word_1_230' title='bbox 1090 2193 1172 2219; x_wconf 93' lang='lat' dir='ltr'>non</span> <span class='ocrx_word' id='word_1_231' title='bbox 1211 2177 1354 2219; x_wconf 82' lang='lat' dir='ltr'>infimo</span> <span class='ocrx_word' id='word_1_232' title='bbox 1388 2177 1479 2218; x_wconf 93' lang='lat' dir='ltr'>loco</span> <span class='ocrx_word' id='word_1_233' title='bbox 1513 2178 1756 2234; x_wconf 90' lang='lat' dir='ltr'>ponendum</span> 
     </span>
     <span class='ocr_line' id='line_1_30' title="bbox 285 2246 1759 2304; baseline 0.001 -17"><span class='ocrx_word' id='word_1_234' title='bbox 285 2257 362 2296; x_wconf 85' lang='lat' dir='ltr'>est,</span> <span class='ocrx_word' id='word_1_235' title='bbox 388 2246 502 2303; x_wconf 90' lang='lat' dir='ltr'>quod</span> <span class='ocrx_word' id='word_1_236' title='bbox 532 2261 614 2287; x_wconf 91' lang='lat' dir='ltr'>non</span> <span class='ocrx_word' id='word_1_237' title='bbox 648 2258 810 2288; x_wconf 86' lang='lat' dir='ltr'>tantum</span> <span class='ocrx_word' id='word_1_238' title='bbox 843 2247 983 2304; x_wconf 86' lang='lat' dir='ltr'>aliqua</span> <span class='ocrx_word' id='word_1_239' title='bbox 1013 2247 1271 2304; x_wconf 87' lang='lat' dir='ltr'>integrorum</span> <span class='ocrx_word' id='word_1_240' title='bbox 1303 2248 1490 2303; x_wconf 85' lang='lat' dir='ltr'>Operum</span> <span class='ocrx_word' id='word_1_241' title='bbox 1523 2246 1759 2303; x_wconf 88' lang='lat' dir='ltr'>fragmenta</span> 
     </span>
     <span class='ocr_line' id='line_1_31' title="bbox 285 2314 1757 2372; baseline 0 -15"><span class='ocrx_word' id='word_1_242' title='bbox 285 2325 328 2357; x_wconf 89' lang='lat' dir='ltr'>et</span> <span class='ocrx_word' id='word_1_243' title='bbox 348 2324 535 2356; x_wconf 87' lang='lat' dir='ltr'>ramenta</span> <span class='ocrx_word' id='word_1_244' title='bbox 554 2315 671 2371; x_wconf 87' lang='lat' dir='ltr'>quasi</span> <span class='ocrx_word' id='word_1_245' title='bbox 692 2314 734 2356; x_wconf 92' lang='lat' dir='ltr'>in</span> <span class='ocrx_word' id='word_1_246' title='bbox 753 2316 922 2357; x_wconf 88' lang='lat' dir='ltr'>Catenis</span> <span class='ocrx_word' id='word_1_247' title='bbox 942 2315 994 2356; x_wconf 93' lang='lat' dir='ltr'>ad</span> <span class='ocrx_word' id='word_1_248' title='bbox 1017 2315 1298 2372; x_wconf 87' lang='lat' dir='ltr'>posteritatem</span> <span class='ocrx_word' id='word_1_249' title='bbox 1321 2314 1669 2367; x_wconf 85' lang='lat' dir='ltr'>transmittantur,</span> <span class='ocrx_word' id='word_1_250' title='bbox 1685 2315 1757 2357; x_wconf 89' lang='lat' dir='ltr'>sed</span> 
     </span>
     <span class='ocr_line' id='line_1_32' title="bbox 286 2382 1758 2440; baseline 0 -15"><span class='ocrx_word' id='word_1_251' title='bbox 286 2383 494 2425; x_wconf 89' lang='lat' dir='ltr'>interdum</span> <span class='ocrx_word' id='word_1_252' title='bbox 518 2382 639 2424; x_wconf 89' lang='lat' dir='ltr'>etiam</span> <span class='ocrx_word' id='word_1_253' title='bbox 663 2383 843 2425; x_wconf 89' lang='lat' dir='ltr'>maxima</span> <span class='ocrx_word' id='word_1_254' title='bbox 863 2383 1088 2425; x_wconf 89' lang='lat' dir='ltr'>eorundem</span> <span class='ocrx_word' id='word_1_255' title='bbox 1109 2399 1205 2440; x_wconf 89' lang='lat' dir='ltr'>pars</span> <span class='ocrx_word' id='word_1_256' title='bbox 1231 2384 1285 2425; x_wconf 88' lang='lat' dir='ltr'>ab</span> <span class='ocrx_word' id='word_1_257' title='bbox 1305 2383 1474 2426; x_wconf 84' lang='lat' dir='ltr'>interitu</span> <span class='ocrx_word' id='word_1_258' title='bbox 1498 2394 1539 2425; x_wconf 90' lang='lat' dir='ltr'>et</span> <span class='ocrx_word' id='word_1_259' title='bbox 1559 2383 1758 2440; x_wconf 89' lang='lat' dir='ltr'>temporis</span> 
     </span>
     <span class='ocr_line' id='line_1_33' title="bbox 286 2451 1754 2508; baseline 0.001 -15"><span class='ocrx_word' id='word_1_260' title='bbox 286 2452 438 2508; x_wconf 86' lang='lat' dir='ltr'>injuria</span> <span class='ocrx_word' id='word_1_261' title='bbox 467 2451 713 2493; x_wconf 85' lang='lat' dir='ltr'>vindicetur.</span> <span class='ocrx_word' id='word_1_262' title='bbox 776 2452 921 2493; x_wconf 88' lang='lat' dir='ltr'>Liceat</span> <span class='ocrx_word' id='word_1_263' title='bbox 952 2452 1029 2494; x_wconf 86' lang='lat' dir='ltr'>hoc</span> <span class='ocrx_word' id='word_1_264' title='bbox 1059 2452 1163 2503; x_wconf 87' lang='lat' dir='ltr'>loco,</span> <span class='ocrx_word' id='word_1_265' title='bbox 1195 2468 1246 2494; x_wconf 92' lang='lat' dir='ltr'>ne</span> <span class='ocrx_word' id='word_1_266' title='bbox 1276 2452 1438 2508; x_wconf 85' lang='lat' dir='ltr'>longior</span> <span class='ocrx_word' id='word_1_267' title='bbox 1467 2452 1558 2503; x_wconf 88' lang='lat' dir='ltr'>sim,</span> <span class='ocrx_word' id='word_1_268' title='bbox 1590 2461 1754 2494; x_wconf 88' lang='lat' dir='ltr'>tantum</span> 
     </span>
     <span class='ocr_line' id='line_1_34' title="bbox 286 2518 1756 2577; baseline 0 -14"><span class='ocrx_word' id='word_1_269' title='bbox 286 2520 339 2563; x_wconf 88' lang='lat' dir='ltr'>ad</span> <span class='ocrx_word' id='word_1_270' title='bbox 363 2518 632 2561; x_wconf 83' lang='lat' dir='ltr'>laudatissimi</span> <span class='ocrx_word' id='word_1_271' title='bbox 656 2519 803 2561; x_wconf 89' lang='lat' dir='ltr'>Grabii</span> <span class='ocrx_word' id='word_1_272' title='bbox 829 2520 1066 2576; x_wconf 86' lang='lat' dir='ltr'>exemplum</span> <span class='ocrx_word' id='word_1_273' title='bbox 1090 2536 1329 2576; x_wconf 89' lang='lat' dir='ltr'>provocare,</span> <span class='ocrx_word' id='word_1_274' title='bbox 1351 2520 1424 2577; x_wconf 92' lang='lat' dir='ltr'>qui</span> <span class='ocrx_word' id='word_1_275' title='bbox 1451 2520 1492 2561; x_wconf 90' lang='lat' dir='ltr'>in</span> <span class='ocrx_word' id='word_1_276' title='bbox 1515 2521 1756 2576; x_wconf 82' lang='lat' dir='ltr'>praefatione</span> 
     </span>
     <span class='ocr_line' id='line_1_35' title="bbox 286 2587 1756 2645; baseline -0.001 -13"><span class='ocrx_word' id='word_1_277' title='bbox 286 2591 338 2632; x_wconf 86' lang='lat' dir='ltr'>ad</span> <span class='ocrx_word' id='word_1_278' title='bbox 368 2599 467 2631; x_wconf 89' lang='lat' dir='ltr'>tom.</span> <span class='ocrx_word' id='word_1_279' title='bbox 491 2589 529 2629; x_wconf 92' lang='lat'>1.</span> <span class='ocrx_word' id='word_1_280' title='bbox 552 2587 761 2644; x_wconf 80' lang='lat' dir='ltr'>Spicilegii</span> <span class='ocrx_word' id='word_1_281' title='bbox 792 2590 967 2629; x_wconf 88' lang='lat' dir='ltr'>Patrum</span> <span class='ocrx_word' id='word_1_282' title='bbox 1001 2588 1137 2630; x_wconf 92' lang='lat' dir='ltr'>Seculi</span> <span class='ocrx_word' id='word_1_283' title='bbox 1163 2589 1229 2629; x_wconf 93' lang='grc' dir='ltr'>ΙΙ.</span> <span class='ocrx_word' id='word_1_284' title='bbox 1251 2604 1333 2630; x_wconf 90' lang='lat' dir='ltr'>non</span> <span class='ocrx_word' id='word_1_285' title='bbox 1364 2588 1579 2636; x_wconf 84' lang='lat' dir='ltr'>diffitetur,</span> <span class='ocrx_word' id='word_1_286' title='bbox 1612 2589 1756 2645; x_wconf 87' lang='lat' dir='ltr'>praeci-</span> 
     </span>
     <span class='ocr_line' id='line_1_36' title="bbox 287 2655 1753 2716; baseline -0.001 -17"><span class='ocrx_word' id='word_1_287' title='bbox 287 2673 413 2716; x_wconf 86' lang='lat' dir='ltr'>puam</span> <span class='ocrx_word' id='word_1_288' title='bbox 431 2656 542 2698; x_wconf 88' lang='lat' dir='ltr'>illius</span> <span class='ocrx_word' id='word_1_289' title='bbox 559 2655 767 2713; x_wconf 85' lang='lat' dir='ltr'>Spicilegii</span> <span class='ocrx_word' id='word_1_290' title='bbox 788 2656 998 2697; x_wconf 81' lang='lat' dir='ltr'>materiam</span> <span class='ocrx_word' id='word_1_291' title='bbox 1018 2672 1068 2697; x_wconf 86' lang='lat' dir='ltr'>ex</span> <span class='ocrx_word' id='word_1_292' title='bbox 1088 2656 1256 2698; x_wconf 88' lang='lat' dir='ltr'>Catenis</span> <span class='ocrx_word' id='word_1_293' title='bbox 1273 2658 1462 2706; x_wconf 71' lang='lat' dir='ltr'>Patrium,</span> <span class='ocrx_word' id='word_1_294' title='bbox 1477 2667 1561 2698; x_wconf 87' lang='lat' dir='ltr'>tam</span> <span class='ocrx_word' id='word_1_295' title='bbox 1578 2658 1753 2709; x_wconf 83' lang='lat' dir='ltr'>excusis,</span> 
     </span>
     <span class='ocr_line' id='line_1_37' title="bbox 285 2723 1755 2783; baseline -0.001 -15"><span class='ocrx_word' id='word_1_296' title='bbox 285 2741 411 2783; x_wconf 90' lang='lat' dir='ltr'>quam</span> <span class='ocrx_word' id='word_1_297' title='bbox 445 2740 569 2766; x_wconf 89' lang='lat' dir='ltr'>manu</span> <span class='ocrx_word' id='word_1_298' title='bbox 602 2724 793 2775; x_wconf 87' lang='lat' dir='ltr'>exaratis,</span> <span class='ocrx_word' id='word_1_299' title='bbox 816 2723 891 2766; x_wconf 90' lang='lat' dir='ltr'>sibi</span> <span class='ocrx_word' id='word_1_300' title='bbox 924 2724 1141 2766; x_wconf 85' lang='lat' dir='ltr'>subnatam</span> <span class='ocrx_word' id='word_1_301' title='bbox 1174 2741 1276 2775; x_wconf 87' lang='lat' dir='ltr'>esse,</span> <span class='ocrx_word' id='word_1_302' title='bbox 1296 2724 1338 2766; x_wconf 89' lang='lat' dir='ltr'>in</span> <span class='ocrx_word' id='word_1_303' title='bbox 1369 2725 1525 2782; x_wconf 88' lang='lat' dir='ltr'>quibus</span> <span class='ocrx_word' id='word_1_304' title='bbox 1552 2727 1755 2767; x_wconf 90' lang='lat' dir='ltr'>Doctores</span> 
     </span>
     <span class='ocr_line' id='line_1_38' title="bbox 289 2792 1755 2850; baseline -0.002 -13"><span class='ocrx_word' id='word_1_305' title='bbox 289 2793 438 2837; x_wconf 86' lang='lat' dir='ltr'>Saeculi</span> <span class='ocrx_word' id='word_1_306' title='bbox 462 2794 539 2834; x_wconf 89' lang='lat' dir='ltr'>IV.</span> <span class='ocrx_word' id='word_1_307' title='bbox 562 2803 644 2834; x_wconf 88' lang='lat' dir='ltr'>tam</span> <span class='ocrx_word' id='word_1_308' title='bbox 667 2793 907 2849; x_wconf 79' lang='lat' dir='ltr'>frequenter</span> <span class='ocrx_word' id='word_1_309' title='bbox 926 2792 977 2833; x_wconf 90' lang='lat' dir='ltr'>ad</span> <span class='ocrx_word' id='word_1_310' title='bbox 1000 2803 1139 2849; x_wconf 90' lang='lat' dir='ltr'>partes</span> <span class='ocrx_word' id='word_1_311' title='bbox 1162 2804 1374 2844; x_wconf 88' lang='lat' dir='ltr'>vocentur,</span> <span class='ocrx_word' id='word_1_312' title='bbox 1397 2804 1445 2835; x_wconf 89' lang='lat' dir='ltr'>ut</span> <span class='ocrx_word' id='word_1_313' title='bbox 1465 2793 1594 2850; x_wconf 86' lang='lat' dir='ltr'>largae</span> <span class='ocrx_word' id='word_1_314' title='bbox 1614 2793 1755 2835; x_wconf 87' lang='lat' dir='ltr'>messis</span> 
     </span>
     <span class='ocr_line' id='line_1_39' title="bbox 286 2860 1752 2920; baseline -0.002 -15"><span class='ocrx_word' id='word_1_315' title='bbox 286 2863 446 2920; x_wconf 87' lang='lat' dir='ltr'>copiam</span> <span class='ocrx_word' id='word_1_316' title='bbox 477 2862 612 2903; x_wconf 88' lang='lat' dir='ltr'>facere</span> <span class='ocrx_word' id='word_1_317' title='bbox 638 2861 811 2918; x_wconf 89' lang='lat' dir='ltr'>possint.</span> <span class='ocrx_word' id='word_1_318' title='bbox 876 2860 995 2902; x_wconf 89' lang='lat' dir='ltr'>Idem</span> <span class='ocrx_word' id='word_1_319' title='bbox 1028 2876 1070 2918; x_wconf 88' lang='lat' dir='ltr'>p.</span> <span class='ocrx_word' id='word_1_320' title='bbox 1092 2862 1189 2917; x_wconf 85' lang='lat'><strong>364.</strong></span> <span class='ocrx_word' id='word_1_321' title='bbox 1211 2862 1264 2903; x_wconf 87' lang='lat' dir='ltr'>ad</span> <span class='ocrx_word' id='word_1_322' title='bbox 1293 2871 1453 2903; x_wconf 88' lang='lat' dir='ltr'>tomum</span> <span class='ocrx_word' id='word_1_323' title='bbox 1484 2863 1519 2903; x_wconf 95' lang='grc' dir='ltr'>Ι.</span> <span class='ocrx_word' id='word_1_324' title='bbox 1545 2861 1752 2918; x_wconf 82' lang='lat' dir='ltr'>spicilegii</span> 
     </span>
     <span class='ocr_line' id='line_1_40' title="bbox 288 2928 1754 2986; baseline -0.003 -12"><span class='ocrx_word' id='word_1_325' title='bbox 288 2940 464 2974; x_wconf 87' lang='lat' dir='ltr'>testatur</span> <span class='ocrx_word' id='word_1_326' title='bbox 492 2946 533 2972; x_wconf 91' lang='lat' dir='ltr'>se</span> <span class='ocrx_word' id='word_1_327' title='bbox 563 2945 755 2986; x_wconf 86' lang='lat' dir='ltr'>magnam</span> <span class='ocrx_word' id='word_1_328' title='bbox 788 2939 947 2986; x_wconf 87' lang='lat' dir='ltr'>partem</span> <span class='ocrx_word' id='word_1_329' title='bbox 972 2929 1266 2971; x_wconf 89' lang='lat' dir='ltr'>Commentarii</span> <span class='ocrx_word' id='word_1_330' title='bbox 1294 2929 1467 2971; x_wconf 88' lang='lat' dir='ltr'>Eusebii</span> <span class='ocrx_word' id='word_1_331' title='bbox 1490 2928 1754 2971; x_wconf 78' lang='lat' dir='ltr'>Caesariensis</span> 
     </span>
     <span class='ocr_line' id='line_1_41' title="bbox 286 2996 1751 3055; baseline -0.003 -12"><span class='ocrx_word' id='word_1_332' title='bbox 286 3000 330 3042; x_wconf 90' lang='lat' dir='ltr'>in</span> <span class='ocrx_word' id='word_1_333' title='bbox 359 2999 541 3043; x_wconf 85' lang='lat' dir='ltr'>Jesaiam</span> <span class='ocrx_word' id='word_1_334' title='bbox 579 3013 630 3040; x_wconf 84' lang='lat' dir='ltr'>ex</span> <span class='ocrx_word' id='word_1_335' title='bbox 663 2999 822 3040; x_wconf 88' lang='lat' dir='ltr'>Catena</span> <span class='ocrx_word' id='word_1_336' title='bbox 851 2996 1034 3054; x_wconf 89' lang='lat' dir='ltr'>quadam</span> <span class='ocrx_word' id='word_1_337' title='bbox 1066 2996 1108 3038; x_wconf 90' lang='lat' dir='ltr'>in</span> <span class='ocrx_word' id='word_1_338' title='bbox 1139 2996 1251 3039; x_wconf 87' lang='lat' dir='ltr'>hunc</span> <span class='ocrx_word' id='word_1_339' title='bbox 1283 2997 1552 3055; x_wconf 89' lang='lat' dir='ltr'>Prophetam,</span> <span class='ocrx_word' id='word_1_340' title='bbox 1578 3011 1675 3054; x_wconf 85' lang='lat' dir='ltr'>quae</span> <span class='ocrx_word' id='word_1_341' title='bbox 1708 2996 1751 3038; x_wconf 89' lang='lat' dir='ltr'>in</span> 
     </span>
    </p>
   </div>
  </div>
 </body>
</html>
