1872 3366
263 230 341 268 AD
369 230 548 270 cOMM.
577 230 877 271 CHRYsos'r.
906 231 968 270 IN
996 231 1035 270 s,
1054 217 1404 269 MATTHAEUM.
1515 226 1596 267 489

200 345 310 397 164,'
314 359 341 402 3
343 356 386 402 5.
421 339 622 399 διέκειντο,
646 338 715 388 καὶ
737 340 775 388 οἱ
795 339 860 389 δύο
883 341 1261 403 κατεξανιστάμενοι
1283 345 1357 387 τῶν
1379 338 1489 387 δέκα.
1527 337 1598 387 καὶ

129 417 168 464 οἱ
199 417 295 464 δέκα
325 421 552 474 φθονοῦντες
581 424 656 466 τῶν
693 417 771 466 δύο·
806 417 849 466 οὗ
871 418 952 482 χρη
976 418 1018 466 δὲ
1051 423 1113 466 νῦν
1142 423 1256 466 τοῦτο
1288 423 1450 466 σκοπεῖν
1470 415 1597 480 μόνον,

129 493 244 541 ἀλλὰ
265 492 310 541 τὸ
335 492 432 551 ἶν’ψος
453 492 500 541 τό
522 493 680 555 ἄφατον
700 493 797 559 πρὸς
819 493 911 559 ἔπερ
934 495 1147 559 ἀνέδραμον
1169 493 1342 558 ὕστερον.

201 577 297 632 165,
317 590 358 632 9.
392 570 621 636 βαθύτερον.
722 590 795 634 3ο.
832 571 977 636 ὖπερβ.
1000 571 1093 626 τοὺς
1116 572 1460 634 ε’πιστομίζοντας.

201 654 297 706 166,
317 663 357 708 7.
389 647 634 702 Χαναναίας.
733 655 800 696 16.
823 649 903 713 γὰρ
925 648 1061 697 αὖτοῢ.
1153 664 1223 710 27.
1247 648 1391 702 αὐτοὺς
1415 649 1598 697 ἐκκαίειν.
1614 663 1636 703 5

202 731 299 783 166,
317 743 391 788 32.
425 731 655 790 παρασχεῖν
678 730 788 773 cod.
811 731 865 774 B.
887 736 1015 784 recte,
1039 731 1101 774 sic
1123 731 1253 774 etiam
1274 747 1319 789 p.
1341 732 1438 788 167,
1458 745 1497 774 1.

203 808 298 863 167,
318 820 388 861 24.
424 801 610 863 ἐδάφους.
715 821 740 853 2
741 818 785 865 5.
820 802 994 867 δακρύει.

204 885 298 936 168,
316 897 382 938 14.
403 877 449 927 τό
467 880 719 934 καταπειθές.
792 887 858 929 16.
878 882 1009 945 λέγον.
1082 887 1149 931 18.
1168 887 1238 930 τοῦ
1255 880 1449 930 δεσπὸτου
1464 903 1507 929 τ.
1523 885 1603 945 Χρ.

204 962 302 1015 168,
318 963 388 1007 26.
421 965 578 1023 πληρῶν
594 957 664 1006 καὶ
686 959 937 1020 φιλοσοφίαν
954 959 1157 1016 παιδεύων,
1176 961 1272 1022 ὅμοῦ
1294 959 1338 1007 δὲ
1360 958 1428 1007 καὶ
1450 981 1490 1007 τ.
1507 963 1604 1021 μαθ.

205 1040 300 1091 168,
319 1054 390 1097 31.
424 1037 543 1098 ἡμεῖς
576 1037 814 1099 ποιήσωμεν.
865 1035 968 1090 τίνος
1000 1036 1080 1102 γὰρ
1113 1033 1162 1084 ἂν
1198 1035 1332 1100 εἴημεν
1366 1036 1467 1093 ἄξιοι
1503 1057 1607 1099 συγ·
1625 1060 1672 1086 ιο

134 1113 308 1178 γνώμης,
333 1111 388 1160 ἴτ’
411 1109 459 1160 ἂν
481 1113 520 1161 οἶ
537 1113 625 1176 μὲν.

208 1196 303 1252 169,
322 1204 366 1252 5.
400 1192 556 1244 πάντως
578 1192 683 1255 ὁρᾷς.
787 1207 830 1252 7.
865 1193 1101 1241 κατάλειπε.

207 1274 304 1330 169,
323 1287 365 1330 9.
396 1266 466 1316 καὶ
489 1268 581 1322 τοὺς
604 1270 871 1334 ἀγοράζοντας
894 1270 933 1318 ἔν
954 1275 1010 1335 τῷ
1033 1270 1135 1335 ἱερῷ.

208 1352 307 1408 169,
329 1364 396 1394 10.
430 1344 548 1394 αὐτὸν
570 1357 661 1410 λεγ.
685 1368 727 1394 τ.
750 1368 936 1405 πεποιηκ.

209 1437 304 1482 170,
326 1440 396 1472 21.
432 1421 649 1487 εὖηργέτει.
751 1441 823 1485 3ο.
859 1428 978 1486 θαυμ.
1002 1422 1067 1471 τὸν
1090 1423 1334 1489 δημιουργὸν.
1629 1444 1674 1483 15

210 1515 307 1560 171,
323 1517 367 1559 4.
400 1504 492 1548 καθ.
515 1498 691 1564 προέφην
713 1519 799 1547 om.
825 1504 934 1549 Cod.
959 1506 1014 1548 B.

211 1592 308 1637 171,
331 1583 374 1625 6.
422 1576 665 1640 ἐθαύμασαν,
707 1577 836 1626 καίτοι
875 1584 1032 1627 πολλῶν
1069 1578 1144 1637 ἤδη
1189 1577 1362 1642 σημείων
1399 1580 1612 1642 γενομένων

140 1654 337 1717 μειζόνων,
359 1654 475 1703 ἀλλὰ
496 1655 563 1703 διὰ
582 1660 711 1704 τοῦτο.

212 1747 310 1792 172,
330 1738 399 1782 28.
431 1740 611 1798 καταφρ.
634 1738 843 1797 πανταχοῦ
865 1738 934 1781 τοῦ
957 1737 1078 1790 Θεοῦ,
1101 1731 1171 1781 καὶ
1194 1733 1261 1781 διὰ
1282 1732 1376 1787 τοὺς
1398 1732 1616 1798 ἀνθρώπους

140 1807 301 1858 ἅπαντα
323 1811 578 1874 πράττοντες.
1631 1832 1680 1859 20

213 1903 310 1950 173,
332 1905 401 1938 22.
435 1888 767 1954 ἀπαναχωρῆσαι.

214 1971 312 2026 178,
334 1984 400 2028 13.
434 1964 670 2029 ἀπολογίας.
775 1981 843 2027 27.
879 1971 1191 2026 κατακληθῆναι.

213 2059 310 2106 179,
329 2063 372 2106 9.
406 2043 561 2103 λώβης.

215 2126 311 2178 181,
330 2141 374 2184 9.
410 2121 598 2185 λέγωσιν.
645 2121 812 2185 οἴδαμεν
834 2122 896 2170 δ’τι
917 2123 1069 2182 ἀληθὴς
1092 2118 1143 2170 εἷ·
1180 2128 1262 2175 πῶς
1285 2118 1347 2169 οὖν
1370 2120 1535 2184 ἐλέγετε
1558 2119 1618 2167 ὅτι

146 2202 294 2252 πλάνος
317 2198 442 2248 ἐστίν.
1634 2220 1681 2260 25

217 2282 315 2333 181,
334 2283 403 2326 26.
435 2277 578 2335 δοῦναι,
602 2276 716 2323 ἀλλὰ
738 2277 959 2324 ἀποδοῦναι.

219 2361 315 2411 182,
332 2360 373 2402 8.
391 2354 534 2402 ἄνοιαν.
606 2372 674 2417 23.
694 2353 928 2402 ὑπώπτευον.
997 2372 1069 2415 31.
1088 2354 1125 2401 εἶ
1142 2352 1211 2402 καὶ
1228 2352 1311 2411 ἔζη.
1342 2371 1426 2400 sec.
1448 2349 1516 2399 καὶ
1533 2371 1620 2399 0111.

220 2438 316 2492 184,
336 2450 406 2494 23.
442 2430 503 2479 δ’λ.
527 2433 546 2479 o‘
570 2453 654 2494 νομ.
679 2428 747 2479 καὶ
770 2431 808 2479 οἱ
827 2438 948 2496 προφ.
973 2430 1206 2495 κρέμανται.

220 2516 318 2572 185,
336 2528 408 2572 31.
445 2506 533 2572 ἐμοὶ
556 2509 598 2557 δὲ
620 2508 738 2557 δοκεῖ.

222 2592 318 2644 186,
342 2605 408 2646 14.
443 2585 652 2634 ἀποτείνει.
760 2604 825 2647 15.
859 2593 1035 2651 προφυλ.
1635 2606 1688 2643 3ο

221 2669 319 2725 187,
339 2670 407 2714 26.
442 2663 519 2718 τὰς
541 2662 888 2728 πρωτοκαθεδρίας.
992 2681 1063 2725 31.
1099 2660 1159 2710 ὅτι
1183 2659 1246 2710 οὖν
1267 2666 1465 2709 ποιοῦντα.

222 2747 319 2799 188,
340 2760 379 2792 2.
415 2746 465 2799 β.
490 2748 624 2790 τοῦτον
646 2752 688 2788 λ.
790 2760 832 2803 9.
867 2739 951 2789 οῧτ.
973 2740 1056 2805 χρὴ
1079 2745 1185 2787 νοεῖν.
1218 2758 1320 2786 111οΧ
1343 2738 1583 2802 καθηγηταί.

223 2825 318 2881 189,
335 2838 378 2879 4.
413 2818 565 2883 χείρων.
674 2837 770 2881 190,
790 2823 830 2866 8.
866 2818 1173 2866 ἀποδεκατοῦτε.

225 2916 321 2959 191,
341 2915 380 2946 2.
417 2897 555 2946 ἐκάλει
579 2896 773 2958 τύφλους.
806 2896 842 2943 εἰ
863 2895 942 2959 γὰρ
966 2893 1011 2943 τὸ
1034 2894 1093 2954 μη
1117 2892 1283 2957 νομίζειν
1306 2894 1461 2942 δεῖσθαι
1488 2893 1628 2957 ὁδηγοῦ

154 2973 219 3023 τὸν
241 2973 408 3037 τυφλὸν.
1642 2992 1691 3030 35

854 3064 880 3108 3
907 3065 934 3092 R
