<?xml version="1.0" encoding="UTF-8"?>
<!DOCTYPE html PUBLIC "-//W3C//DTD XHTML 1.0 Transitional//EN"
    "http://www.w3.org/TR/xhtml1/DTD/xhtml1-transitional.dtd">
<html xmlns="http://www.w3.org/1999/xhtml" xml:lang="en" lang="en">
 <head>
  <title>
</title>
<meta http-equiv="Content-Type" content="text/html;charset=utf-8" />
  <meta name='ocr-system' content='tesseract 3.04.00' />
  <meta name='ocr-capabilities' content='ocr_page ocr_carea ocr_par ocr_line ocrx_word'/>
</head>
<body>
  <div class='ocr_page' id='page_1' title='image "./catenaegraecorum01cramuoft_0032.png"; bbox 0 0 1864 3380; ppageno 0'>
   <div class='ocr_carea' id='block_1_1' title="bbox 287 215 1215 259">
    <p class='ocr_par' dir='ltr' id='par_1_1' title="bbox 287 215 1215 259">
     <span class='ocr_line' id='line_1_1' title="bbox 287 215 1215 259; baseline 0.003 -3"><span class='ocrx_word' id='word_1_1' title='bbox 287 215 389 257; x_wconf 86' lang='lat' dir='ltr'>xxvi</span> <span class='ocrx_word' id='word_1_2' title='bbox 832 217 1215 259; x_wconf 85' lang='lat' dir='ltr'>PRAEFATIO.</span> 
     </span>
    </p>
   </div>
   <div class='ocr_carea' id='block_1_2' title="bbox 284 329 1797 2945">
    <p class='ocr_par' dir='ltr' id='par_1_2' title="bbox 284 329 1797 1217">
     <span class='ocr_line' id='line_1_2' title="bbox 284 329 1757 395; baseline 0.003 -21"><span class='ocrx_word' id='word_1_3' title='bbox 284 331 551 390; x_wconf 92' lang='lat' dir='ltr'>epitomen;</span> <span class='ocrx_word' id='word_1_4' title='bbox 587 329 838 376; x_wconf 89' lang='lat' dir='ltr'>collatione</span> <span class='ocrx_word' id='word_1_5' title='bbox 861 346 972 393; x_wconf 89' lang='lat' dir='ltr'>ergo</span> <span class='ocrx_word' id='word_1_6' title='bbox 997 331 1243 378; x_wconf 89' lang='lat' dir='ltr'>Bodleiani</span> <span class='ocrx_word' id='word_1_7' title='bbox 1267 332 1373 378; x_wconf 86' lang='lat' dir='ltr'>libri</span> <span class='ocrx_word' id='word_1_8' title='bbox 1397 333 1534 387; x_wconf 87' lang='lat' dir='ltr'>facta,</span> <span class='ocrx_word' id='word_1_9' title='bbox 1560 348 1615 379; x_wconf 89' lang='lat' dir='ltr'>ea</span> <span class='ocrx_word' id='word_1_10' title='bbox 1649 347 1757 395; x_wconf 89' lang='lat' dir='ltr'>sup-</span> 
     </span>
     <span class='ocr_line' id='line_1_3' title="bbox 285 412 1758 476; baseline 0.003 -19"><span class='ocrx_word' id='word_1_11' title='bbox 285 412 528 473; x_wconf 87' lang='lat' dir='ltr'>plementa</span> <span class='ocrx_word' id='word_1_12' title='bbox 550 428 657 473; x_wconf 87' lang='lat' dir='ltr'>quae</span> <span class='ocrx_word' id='word_1_13' title='bbox 688 412 804 458; x_wconf 90' lang='lat' dir='ltr'>mihi</span> <span class='ocrx_word' id='word_1_14' title='bbox 829 414 1164 473; x_wconf 76' lang='lat' dir='ltr'>suppeditavit,</span> <span class='ocrx_word' id='word_1_15' title='bbox 1190 415 1562 476; x_wconf 84' lang='lat' dir='ltr'>varietatemque</span> <span class='ocrx_word' id='word_1_16' title='bbox 1593 415 1758 462; x_wconf 89' lang='lat' dir='ltr'>lectio-</span> 
     </span>
     <span class='ocr_line' id='line_1_4' title="bbox 285 494 1757 558; baseline 0.002 -18"><span class='ocrx_word' id='word_1_17' title='bbox 285 494 372 549; x_wconf 90' lang='lat' dir='ltr'>nis,</span> <span class='ocrx_word' id='word_1_18' title='bbox 408 494 467 540; x_wconf 90' lang='lat' dir='ltr'>ad</span> <span class='ocrx_word' id='word_1_19' title='bbox 501 495 645 541; x_wconf 89' lang='lat' dir='ltr'>finem</span> <span class='ocrx_word' id='word_1_20' title='bbox 687 495 938 541; x_wconf 91' lang='lat' dir='ltr'>voluminis</span> <span class='ocrx_word' id='word_1_21' title='bbox 979 496 1199 558; x_wconf 83' lang='lat' dir='ltr'>relegavi.</span> <span class='ocrx_word' id='word_1_22' title='bbox 1272 497 1430 558; x_wconf 89' lang='lat' dir='ltr'>Hujus</span> <span class='ocrx_word' id='word_1_23' title='bbox 1471 503 1633 544; x_wconf 90' lang='lat' dir='ltr'>autem</span> <span class='ocrx_word' id='word_1_24' title='bbox 1669 512 1757 558; x_wconf 92' lang='lat' dir='ltr'>ope</span> 
     </span>
     <span class='ocr_line' id='line_1_5' title="bbox 286 576 1759 640; baseline 0.002 -17"><span class='ocrx_word' id='word_1_25' title='bbox 286 577 450 632; x_wconf 89' lang='lat' dir='ltr'>multa,</span> <span class='ocrx_word' id='word_1_26' title='bbox 487 576 760 624; x_wconf 87' lang='lat' dir='ltr'>Parisiensis</span> <span class='ocrx_word' id='word_1_27' title='bbox 801 578 975 624; x_wconf 87' lang='lat' dir='ltr'>librarii</span> <span class='ocrx_word' id='word_1_28' title='bbox 1017 579 1307 640; x_wconf 84' lang='lat' dir='ltr'>negligentia</span> <span class='ocrx_word' id='word_1_29' title='bbox 1348 580 1519 626; x_wconf 89' lang='lat' dir='ltr'>omissa</span> <span class='ocrx_word' id='word_1_30' title='bbox 1557 586 1641 626; x_wconf 92' lang='lat' dir='ltr'>aut</span> <span class='ocrx_word' id='word_1_31' title='bbox 1678 581 1759 626; x_wconf 91' lang='lat' dir='ltr'>de-</span> 
     </span>
     <span class='ocr_line' id='line_1_6' title="bbox 285 661 1757 722; baseline 0.001 -16"><span class='ocrx_word' id='word_1_32' title='bbox 285 665 490 720; x_wconf 87' lang='lat' dir='ltr'>pravata,</span> <span class='ocrx_word' id='word_1_33' title='bbox 532 662 753 707; x_wconf 88' lang='lat' dir='ltr'>restituta</span> <span class='ocrx_word' id='word_1_34' title='bbox 794 668 904 707; x_wconf 90' lang='lat' dir='ltr'>sunt</span> <span class='ocrx_word' id='word_1_35' title='bbox 945 667 1088 722; x_wconf 89' lang='lat' dir='ltr'>atque</span> <span class='ocrx_word' id='word_1_36' title='bbox 1127 662 1390 708; x_wconf 89' lang='lat' dir='ltr'>emendata.</span> <span class='ocrx_word' id='word_1_37' title='bbox 1461 661 1571 707; x_wconf 92' lang='lat' dir='ltr'>Hoc</span> <span class='ocrx_word' id='word_1_38' title='bbox 1612 663 1757 708; x_wconf 89' lang='lat' dir='ltr'>etiam</span> 
     </span>
     <span class='ocr_line' id='line_1_7' title="bbox 286 742 1757 804; baseline 0.001 -16"><span class='ocrx_word' id='word_1_39' title='bbox 286 743 543 789; x_wconf 89' lang='lat' dir='ltr'>notandum</span> <span class='ocrx_word' id='word_1_40' title='bbox 580 749 652 789; x_wconf 88' lang='lat' dir='ltr'>est</span> <span class='ocrx_word' id='word_1_41' title='bbox 686 744 735 788; x_wconf 92' lang='lat' dir='ltr'>in</span> <span class='ocrx_word' id='word_1_42' title='bbox 769 743 859 789; x_wconf 93' lang='lat' dir='ltr'>hoc</span> <span class='ocrx_word' id='word_1_43' title='bbox 891 742 1080 798; x_wconf 85' lang='lat' dir='ltr'>Codice,</span> <span class='ocrx_word' id='word_1_44' title='bbox 1106 745 1231 804; x_wconf 91' lang='lat' dir='ltr'>quod</span> <span class='ocrx_word' id='word_1_45' title='bbox 1256 760 1366 790; x_wconf 90' lang='lat' dir='ltr'>cum</span> <span class='ocrx_word' id='word_1_46' title='bbox 1391 744 1757 790; x_wconf 79' lang='lat' dir='ltr'>Commentariis</span> 
     </span>
     <span class='ocr_line' id='line_1_8' title="bbox 289 825 1756 887; baseline 0.001 -15"><span class='ocrx_word' id='word_1_47' title='bbox 289 825 610 887; x_wconf 87' lang='lat' dir='ltr'>Chrysostomi</span> <span class='ocrx_word' id='word_1_48' title='bbox 635 832 684 871; x_wconf 90' lang='lat' dir='ltr'>et</span> <span class='ocrx_word' id='word_1_49' title='bbox 708 825 803 871; x_wconf 87' lang='lat' dir='ltr'>Titi</span> <span class='ocrx_word' id='word_1_50' title='bbox 835 826 884 871; x_wconf 90' lang='lat' dir='ltr'>in</span> <span class='ocrx_word' id='word_1_51' title='bbox 909 825 1211 880; x_wconf 85' lang='lat' dir='ltr'>Matthaeum,</span> <span class='ocrx_word' id='word_1_52' title='bbox 1233 825 1413 872; x_wconf 85' lang='lat' dir='ltr'>Lucam</span> <span class='ocrx_word' id='word_1_53' title='bbox 1441 832 1490 872; x_wconf 88' lang='lat' dir='ltr'>et</span> <span class='ocrx_word' id='word_1_54' title='bbox 1507 826 1539 872; x_wconf 85' lang='lat' dir='ltr'>J</span> <span class='ocrx_word' id='word_1_55' title='bbox 1542 842 1756 882; x_wconf 90' lang='lat' dir='ltr'>oannem,</span> 
     </span>
     <span class='ocr_line' id='line_1_9' title="bbox 287 908 1797 970; baseline 0.001 -16"><span class='ocrx_word' id='word_1_56' title='bbox 287 924 382 955; x_wconf 89' lang='lat' dir='ltr'>non</span> <span class='ocrx_word' id='word_1_57' title='bbox 416 924 587 969; x_wconf 86' lang='lat' dir='ltr'>paucas</span> <span class='ocrx_word' id='word_1_58' title='bbox 612 908 771 955; x_wconf 93' lang='lat' dir='ltr'>Photii</span> <span class='ocrx_word' id='word_1_59' title='bbox 806 909 1216 969; x_wconf 83' lang='lat' dir='ltr'>interpretationes</span> <span class='ocrx_word' id='word_1_60' title='bbox 1239 909 1289 954; x_wconf 90' lang='lat' dir='ltr'>in</span> <span class='ocrx_word' id='word_1_61' title='bbox 1311 909 1397 954; x_wconf 90' lang='lat' dir='ltr'>hos</span> <span class='ocrx_word' id='word_1_62' title='bbox 1420 915 1516 955; x_wconf 89' lang='lat' dir='ltr'>tres</span> <span class='ocrx_word' id='word_1_63' title='bbox 1541 909 1758 970; x_wconf 86' lang='lat' dir='ltr'>Evange-</span> <span class='ocrx_word' id='word_1_64' title='bbox 1782 949 1797 955; x_wconf 74' lang='grc'><strong><em>,</em></strong></span> 
     </span>
     <span class='ocr_line' id='line_1_10' title="bbox 286 991 1758 1052; baseline 0 -15"><span class='ocrx_word' id='word_1_65' title='bbox 286 991 416 1038; x_wconf 85' lang='lat' dir='ltr'>listas</span> <span class='ocrx_word' id='word_1_66' title='bbox 440 993 721 1037; x_wconf 84' lang='lat' dir='ltr'>admisceat.</span> <span class='ocrx_word' id='word_1_67' title='bbox 792 991 934 1037; x_wconf 84' lang='lat' dir='ltr'>Unde</span> <span class='ocrx_word' id='word_1_68' title='bbox 969 991 1191 1051; x_wconf 87' lang='lat' dir='ltr'>suspicari</span> <span class='ocrx_word' id='word_1_69' title='bbox 1228 991 1355 1045; x_wconf 88' lang='lat' dir='ltr'>licet,</span> <span class='ocrx_word' id='word_1_70' title='bbox 1380 992 1470 1037; x_wconf 93' lang='lat' dir='ltr'>hoc</span> <span class='ocrx_word' id='word_1_71' title='bbox 1505 1006 1606 1037; x_wconf 90' lang='lat' dir='ltr'>esse</span> <span class='ocrx_word' id='word_1_72' title='bbox 1641 1006 1758 1052; x_wconf 90' lang='lat' dir='ltr'>opus</span> 
     </span>
     <span class='ocr_line' id='line_1_11' title="bbox 290 1072 1756 1133; baseline 0.001 -15"><span class='ocrx_word' id='word_1_73' title='bbox 290 1074 414 1133; x_wconf 91' lang='lat' dir='ltr'>quod</span> <span class='ocrx_word' id='word_1_74' title='bbox 441 1073 539 1119; x_wconf 90' lang='lat' dir='ltr'>Leo</span> <span class='ocrx_word' id='word_1_75' title='bbox 558 1072 765 1119; x_wconf 87' lang='lat' dir='ltr'>Allatius</span> <span class='ocrx_word' id='word_1_76' title='bbox 789 1074 928 1120; x_wconf 91' lang='lat' dir='ltr'>edere</span> <span class='ocrx_word' id='word_1_77' title='bbox 951 1075 1000 1119; x_wconf 90' lang='lat' dir='ltr'>in</span> <span class='ocrx_word' id='word_1_78' title='bbox 1024 1074 1182 1119; x_wconf 88' lang='lat' dir='ltr'>animo</span> <span class='ocrx_word' id='word_1_79' title='bbox 1206 1073 1450 1119; x_wconf 86' lang='lat' dir='ltr'>habuerat.</span> <span class='ocrx_word' id='word_1_80' title='bbox 1488 1072 1600 1120; x_wconf 87' lang='lat' dir='ltr'>Vid.</span> <span class='ocrx_word' id='word_1_81' title='bbox 1621 1073 1756 1120; x_wconf 84' lang='lat' dir='ltr'>Fabr.</span> 
     </span>
     <span class='ocr_line' id='line_1_12' title="bbox 289 1154 867 1217; baseline 0.002 -17"><span class='ocrx_word' id='word_1_82' title='bbox 289 1154 414 1201; x_wconf 92' lang='lat' dir='ltr'>Bibl.</span> <span class='ocrx_word' id='word_1_83' title='bbox 441 1155 524 1202; x_wconf 88' lang='lat' dir='ltr'>Gr.</span> <span class='ocrx_word' id='word_1_84' title='bbox 548 1161 582 1202; x_wconf 88' lang='lat' dir='ltr'>t.</span> <span class='ocrx_word' id='word_1_85' title='bbox 603 1155 667 1201; x_wconf 88' lang='lat' dir='ltr'>X.</span> <span class='ocrx_word' id='word_1_86' title='bbox 692 1171 738 1217; x_wconf 89' lang='lat' dir='ltr'>p.</span> <span class='ocrx_word' id='word_1_87' title='bbox 756 1159 867 1202; x_wconf 84' lang='lat'>410.</span> 
     </span>
    </p>

    <p class='ocr_par' dir='ltr' id='par_1_3' title="bbox 288 1237 1760 1876">
     <span class='ocr_line' id='line_1_13' title="bbox 334 1237 1758 1300; baseline 0.001 -17"><span class='ocrx_word' id='word_1_88' title='bbox 334 1237 425 1283; x_wconf 88' lang='lat' dir='ltr'>Hae</span> <span class='ocrx_word' id='word_1_89' title='bbox 448 1243 610 1284; x_wconf 91' lang='lat' dir='ltr'>autem</span> <span class='ocrx_word' id='word_1_90' title='bbox 629 1237 788 1286; x_wconf 88' lang='lat' dir='ltr'>Photii</span> <span class='ocrx_word' id='word_1_91' title='bbox 813 1239 1129 1299; x_wconf 80' lang='lat' dir='ltr'>expositiones</span> <span class='ocrx_word' id='word_1_92' title='bbox 1152 1239 1271 1285; x_wconf 84' lang='lat' dir='ltr'>adeo</span> <span class='ocrx_word' id='word_1_93' title='bbox 1295 1254 1417 1300; x_wconf 85' lang='lat' dir='ltr'>saepe</span> <span class='ocrx_word' id='word_1_94' title='bbox 1436 1238 1758 1300; x_wconf 72' lang='lat' dir='ltr'>chrysostomi</span> 
     </span>
     <span class='ocr_line' id='line_1_14' title="bbox 288 1320 1759 1383; baseline 0.001 -16"><span class='ocrx_word' id='word_1_95' title='bbox 288 1320 678 1367; x_wconf 89' lang='lat' dir='ltr'>commentarium</span> <span class='ocrx_word' id='word_1_96' title='bbox 721 1322 1083 1383; x_wconf 87' lang='lat' dir='ltr'>interrumpunt,</span> <span class='ocrx_word' id='word_1_97' title='bbox 1131 1328 1186 1368; x_wconf 91' lang='lat' dir='ltr'>ut</span> <span class='ocrx_word' id='word_1_98' title='bbox 1233 1322 1522 1368; x_wconf 88' lang='lat' dir='ltr'>credendum</span> <span class='ocrx_word' id='word_1_99' title='bbox 1570 1322 1633 1367; x_wconf 88' lang='lat' dir='ltr'>sit</span> <span class='ocrx_word' id='word_1_100' title='bbox 1679 1335 1759 1369; x_wconf 82' lang='lat' dir='ltr'>eas</span> 
     </span>
     <span class='ocr_line' id='line_1_15' title="bbox 288 1403 1758 1465; baseline 0.001 -16"><span class='ocrx_word' id='word_1_101' title='bbox 288 1403 439 1465; x_wconf 88' lang='lat' dir='ltr'>primo</span> <span class='ocrx_word' id='word_1_102' title='bbox 461 1404 511 1449; x_wconf 91' lang='lat' dir='ltr'>in</span> <span class='ocrx_word' id='word_1_103' title='bbox 533 1405 743 1465; x_wconf 83' lang='lat' dir='ltr'>margine</span> <span class='ocrx_word' id='word_1_104' title='bbox 778 1405 973 1465; x_wconf 87' lang='lat' dir='ltr'>scriptas</span> <span class='ocrx_word' id='word_1_105' title='bbox 1008 1420 1121 1459; x_wconf 86' lang='lat' dir='ltr'>esse,</span> <span class='ocrx_word' id='word_1_106' title='bbox 1146 1411 1252 1450; x_wconf 91' lang='lat' dir='ltr'>tum</span> <span class='ocrx_word' id='word_1_107' title='bbox 1288 1405 1492 1464; x_wconf 90' lang='lat' dir='ltr'>denique</span> <span class='ocrx_word' id='word_1_108' title='bbox 1526 1404 1576 1449; x_wconf 92' lang='lat' dir='ltr'>in</span> <span class='ocrx_word' id='word_1_109' title='bbox 1611 1403 1758 1450; x_wconf 90' lang='lat' dir='ltr'>alium</span> 
     </span>
     <span class='ocr_line' id='line_1_16' title="bbox 292 1485 1760 1547; baseline -0.001 -15"><span class='ocrx_word' id='word_1_110' title='bbox 292 1485 518 1532; x_wconf 86' lang='lat' dir='ltr'>Codicem</span> <span class='ocrx_word' id='word_1_111' title='bbox 552 1486 867 1547; x_wconf 88' lang='lat' dir='ltr'>transcriptas,</span> <span class='ocrx_word' id='word_1_112' title='bbox 903 1502 1012 1532; x_wconf 90' lang='lat' dir='ltr'>cum</span> <span class='ocrx_word' id='word_1_113' title='bbox 1048 1487 1402 1533; x_wconf 86' lang='lat' dir='ltr'>Commentario</span> <span class='ocrx_word' id='word_1_114' title='bbox 1437 1485 1760 1547; x_wconf 88' lang='lat' dir='ltr'>Chrysostomi</span> 
     </span>
     <span class='ocr_line' id='line_1_17' title="bbox 291 1567 1758 1629; baseline -0.001 -15"><span class='ocrx_word' id='word_1_115' title='bbox 291 1568 572 1614; x_wconf 84' lang='lat' dir='ltr'>commixtas</span> <span class='ocrx_word' id='word_1_116' title='bbox 596 1575 728 1614; x_wconf 65' lang='lat' dir='ltr'>esse.⁴</span> <span class='ocrx_word' id='word_1_117' title='bbox 782 1568 948 1615; x_wconf 84' lang='lat' dir='ltr'>Simile</span> <span class='ocrx_word' id='word_1_118' title='bbox 971 1570 1084 1629; x_wconf 92' lang='lat' dir='ltr'>quid</span> <span class='ocrx_word' id='word_1_119' title='bbox 1112 1570 1335 1616; x_wconf 86' lang='lat' dir='ltr'>accidisse</span> <span class='ocrx_word' id='word_1_120' title='bbox 1359 1569 1547 1614; x_wconf 89' lang='lat' dir='ltr'>videtur</span> <span class='ocrx_word' id='word_1_121' title='bbox 1568 1568 1615 1613; x_wconf 93' lang='lat' dir='ltr'>in</span> <span class='ocrx_word' id='word_1_122' title='bbox 1642 1567 1758 1613; x_wconf 93' lang='lat' dir='ltr'>Cod.</span> 
     </span>
     <span class='ocr_line' id='line_1_18' title="bbox 294 1650 1758 1712; baseline -0.001 -16"><span class='ocrx_word' id='word_1_123' title='bbox 294 1650 542 1697; x_wconf 85' lang='lat' dir='ltr'>Parisiensi</span> <span class='ocrx_word' id='word_1_124' title='bbox 578 1650 741 1712; x_wconf 87' lang='lat' dir='ltr'>Regio,</span> <span class='ocrx_word' id='word_1_125' title='bbox 783 1655 893 1697; x_wconf 78' lang='lat'>203.</span> <span class='ocrx_word' id='word_1_126' title='bbox 931 1651 1013 1697; x_wconf 92' lang='lat' dir='ltr'>ubi</span> <span class='ocrx_word' id='word_1_127' title='bbox 1049 1651 1176 1697; x_wconf 92' lang='lat' dir='ltr'>idem</span> <span class='ocrx_word' id='word_1_128' title='bbox 1214 1650 1452 1711; x_wconf 89' lang='lat' dir='ltr'>Chrysost.</span> <span class='ocrx_word' id='word_1_129' title='bbox 1488 1650 1758 1697; x_wconf 91' lang='lat' dir='ltr'>Comment.</span> 
     </span>
     <span class='ocr_line' id='line_1_19' title="bbox 292 1732 1760 1794; baseline 0 -15"><span class='ocrx_word' id='word_1_130' title='bbox 292 1748 400 1779; x_wconf 92' lang='lat' dir='ltr'>cum</span> <span class='ocrx_word' id='word_1_131' title='bbox 436 1732 566 1778; x_wconf 90' lang='lat' dir='ltr'>Petri</span> <span class='ocrx_word' id='word_1_132' title='bbox 601 1733 844 1793; x_wconf 89' lang='lat' dir='ltr'>cujusdam</span> <span class='ocrx_word' id='word_1_133' title='bbox 878 1733 1344 1794; x_wconf 87' lang='lat' dir='ltr'>interpretationibus</span> <span class='ocrx_word' id='word_1_134' title='bbox 1379 1733 1614 1779; x_wconf 83' lang='lat' dir='ltr'>continuis</span> <span class='ocrx_word' id='word_1_135' title='bbox 1653 1747 1760 1779; x_wconf 85' lang='lat' dir='ltr'>coa-</span> 
     </span>
     <span class='ocr_line' id='line_1_20' title="bbox 294 1815 1103 1876; baseline 0.001 -15"><span class='ocrx_word' id='word_1_136' title='bbox 294 1816 397 1870; x_wconf 90' lang='lat' dir='ltr'>luit,</span> <span class='ocrx_word' id='word_1_137' title='bbox 421 1820 544 1861; x_wconf 88' lang='lat' dir='ltr'>teste</span> <span class='ocrx_word' id='word_1_138' title='bbox 568 1815 782 1876; x_wconf 89' lang='lat' dir='ltr'>Catalogi</span> <span class='ocrx_word' id='word_1_139' title='bbox 809 1815 1103 1862; x_wconf 90' lang='lat' dir='ltr'>Confectore.</span> 
     </span>
    </p>

    <p class='ocr_par' dir='ltr' id='par_1_4' title="bbox 293 1897 1764 2698">
     <span class='ocr_line' id='line_1_21' title="bbox 361 1897 1760 1959; baseline -0.001 -15"><span class='ocrx_word' id='word_1_140' title='bbox 361 1899 420 1944; x_wconf 93' lang='lat' dir='ltr'>In</span> <span class='ocrx_word' id='word_1_141' title='bbox 449 1898 497 1944; x_wconf 84' lang='lat' dir='ltr'>S.</span> <span class='ocrx_word' id='word_1_142' title='bbox 519 1898 739 1944; x_wconf 87' lang='lat' dir='ltr'>Marcum</span> <span class='ocrx_word' id='word_1_143' title='bbox 769 1898 921 1943; x_wconf 91' lang='lat' dir='ltr'>multo</span> <span class='ocrx_word' id='word_1_144' title='bbox 953 1899 1195 1959; x_wconf 88' lang='lat' dir='ltr'>pauciores</span> <span class='ocrx_word' id='word_1_145' title='bbox 1226 1903 1395 1944; x_wconf 87' lang='lat' dir='ltr'>extant</span> <span class='ocrx_word' id='word_1_146' title='bbox 1419 1897 1760 1944; x_wconf 89' lang='lat' dir='ltr'>Commentarii</span> 
     </span>
     <span class='ocr_line' id='line_1_22' title="bbox 295 1979 1761 2043; baseline -0.001 -15"><span class='ocrx_word' id='word_1_147' title='bbox 295 1997 436 2043; x_wconf 91' lang='lat' dir='ltr'>quam</span> <span class='ocrx_word' id='word_1_148' title='bbox 473 1983 522 2026; x_wconf 92' lang='lat' dir='ltr'>in</span> <span class='ocrx_word' id='word_1_149' title='bbox 559 1988 750 2027; x_wconf 84' lang='lat' dir='ltr'>caeteros</span> <span class='ocrx_word' id='word_1_150' title='bbox 791 1980 1129 2042; x_wconf 87' lang='lat' dir='ltr'>Evangelistas,</span> <span class='ocrx_word' id='word_1_151' title='bbox 1166 1986 1215 2025; x_wconf 88' lang='lat' dir='ltr'>et</span> <span class='ocrx_word' id='word_1_152' title='bbox 1256 1981 1322 2026; x_wconf 89' lang='lat' dir='ltr'>sic</span> <span class='ocrx_word' id='word_1_153' title='bbox 1358 1981 1426 2025; x_wconf 91' lang='lat' dir='ltr'>ita</span> <span class='ocrx_word' id='word_1_154' title='bbox 1466 1979 1579 2025; x_wconf 91' lang='lat' dir='ltr'>olim</span> <span class='ocrx_word' id='word_1_155' title='bbox 1617 1980 1761 2026; x_wconf 82' lang='lat' dir='ltr'>fuisse</span> 
     </span>
     <span class='ocr_line' id='line_1_23' title="bbox 293 2061 1762 2123; baseline -0.001 -13"><span class='ocrx_word' id='word_1_156' title='bbox 293 2070 495 2112; x_wconf 88' lang='lat' dir='ltr'>testatur</span> <span class='ocrx_word' id='word_1_157' title='bbox 519 2067 705 2110; x_wconf 89' lang='lat' dir='ltr'>Auctor</span> <span class='ocrx_word' id='word_1_158' title='bbox 728 2063 936 2117; x_wconf 89' lang='lat' dir='ltr'>Catenae,</span> <span class='ocrx_word' id='word_1_159' title='bbox 962 2063 1147 2109; x_wconf 88' lang='lat' dir='ltr'>Victori</span> <span class='ocrx_word' id='word_1_160' title='bbox 1177 2062 1482 2108; x_wconf 89' lang='lat' dir='ltr'>Antiocheno</span> <span class='ocrx_word' id='word_1_161' title='bbox 1512 2061 1656 2123; x_wconf 90' lang='lat' dir='ltr'>vulgo</span> <span class='ocrx_word' id='word_1_162' title='bbox 1691 2066 1762 2108; x_wconf 85' lang='lat' dir='ltr'>at-</span> 
     </span>
     <span class='ocr_line' id='line_1_24' title="bbox 294 2143 1761 2206; baseline -0.002 -14"><span class='ocrx_word' id='word_1_163' title='bbox 294 2147 497 2200; x_wconf 87' lang='lat' dir='ltr'>tributae,</span> <span class='ocrx_word' id='word_1_164' title='bbox 522 2147 603 2192; x_wconf 88' lang='lat' dir='ltr'>sed</span> <span class='ocrx_word' id='word_1_165' title='bbox 639 2162 746 2206; x_wconf 87' lang='lat' dir='ltr'>quae</span> <span class='ocrx_word' id='word_1_166' title='bbox 777 2148 827 2191; x_wconf 90' lang='lat' dir='ltr'>in</span> <span class='ocrx_word' id='word_1_167' title='bbox 850 2145 1025 2192; x_wconf 87' lang='lat' dir='ltr'>Codice</span> <span class='ocrx_word' id='word_1_168' title='bbox 1060 2161 1088 2190; x_wconf 91' lang='lat' dir='ltr'>a</span> <span class='ocrx_word' id='word_1_169' title='bbox 1118 2145 1252 2191; x_wconf 87' lang='lat' dir='ltr'>nobis</span> <span class='ocrx_word' id='word_1_170' title='bbox 1288 2145 1494 2205; x_wconf 89' lang='lat' dir='ltr'>primum</span> <span class='ocrx_word' id='word_1_171' title='bbox 1535 2143 1761 2197; x_wconf 89' lang='lat' dir='ltr'>adhibito,</span> 
     </span>
     <span class='ocr_line' id='line_1_25' title="bbox 297 2227 1764 2290; baseline -0.002 -15"><span class='ocrx_word' id='word_1_172' title='bbox 297 2229 472 2290; x_wconf 87' lang='lat' dir='ltr'>Cyrillo</span> <span class='ocrx_word' id='word_1_173' title='bbox 497 2229 821 2275; x_wconf 86' lang='lat' dir='ltr'>Alexandrino</span> <span class='ocrx_word' id='word_1_174' title='bbox 851 2229 1022 2274; x_wconf 89' lang='lat' dir='ltr'>diserte</span> <span class='ocrx_word' id='word_1_175' title='bbox 1049 2227 1328 2273; x_wconf 90' lang='lat' dir='ltr'>vindicatur.</span> <span class='ocrx_word' id='word_1_176' title='bbox 1388 2227 1451 2281; x_wconf 90' lang='lat' dir='ltr'>Is,</span> <span class='ocrx_word' id='word_1_177' title='bbox 1476 2227 1616 2280; x_wconf 87' lang='lat' dir='ltr'>enim,</span> <span class='ocrx_word' id='word_1_178' title='bbox 1640 2227 1764 2286; x_wconf 90' lang='lat' dir='ltr'>quis-</span> 
     </span>
     <span class='ocr_line' id='line_1_26' title="bbox 295 2309 1761 2373; baseline -0.003 -15"><span class='ocrx_word' id='word_1_179' title='bbox 295 2313 399 2373; x_wconf 92' lang='lat' dir='ltr'>quis</span> <span class='ocrx_word' id='word_1_180' title='bbox 434 2312 536 2366; x_wconf 81' lang='lat' dir='ltr'>fuit,</span> <span class='ocrx_word' id='word_1_181' title='bbox 566 2312 767 2357; x_wconf 89' lang='lat' dir='ltr'>affirmat</span> <span class='ocrx_word' id='word_1_182' title='bbox 801 2326 851 2356; x_wconf 90' lang='lat' dir='ltr'>se</span> <span class='ocrx_word' id='word_1_183' title='bbox 887 2311 1100 2371; x_wconf 89' lang='lat' dir='ltr'>quamvis</span> <span class='ocrx_word' id='word_1_184' title='bbox 1136 2309 1387 2371; x_wconf 85' lang='lat' dir='ltr'>diligenter</span> <span class='ocrx_word' id='word_1_185' title='bbox 1420 2309 1677 2369; x_wconf 90' lang='lat' dir='ltr'>requirens,</span> <span class='ocrx_word' id='word_1_186' title='bbox 1699 2323 1761 2354; x_wconf 89' lang='lat' dir='ltr'>ne</span> 
     </span>
     <span class='ocr_line' id='line_1_27' title="bbox 295 2390 1761 2454; baseline -0.004 -14"><span class='ocrx_word' id='word_1_187' title='bbox 295 2410 444 2440; x_wconf 92' lang='lat' dir='ltr'>unum</span> <span class='ocrx_word' id='word_1_188' title='bbox 493 2394 683 2454; x_wconf 89' lang='lat' dir='ltr'>quidem</span> <span class='ocrx_word' id='word_1_189' title='bbox 730 2393 1136 2439; x_wconf 89' lang='lat' dir='ltr'>Commentarium</span> <span class='ocrx_word' id='word_1_190' title='bbox 1186 2392 1395 2452; x_wconf 90' lang='lat' dir='ltr'>potuisse</span> <span class='ocrx_word' id='word_1_191' title='bbox 1452 2390 1655 2451; x_wconf 89' lang='lat' dir='ltr'>reperire</span> <span class='ocrx_word' id='word_1_192' title='bbox 1711 2390 1761 2434; x_wconf 90' lang='lat' dir='ltr'>in</span> 
     </span>
     <span class='ocr_line' id='line_1_28' title="bbox 295 2471 1761 2536; baseline -0.003 -16"><span class='ocrx_word' id='word_1_193' title='bbox 295 2476 422 2521; x_wconf 91' lang='lat' dir='ltr'>hunc</span> <span class='ocrx_word' id='word_1_194' title='bbox 469 2476 833 2536; x_wconf 88' lang='lat' dir='ltr'>Evangelistam,</span> <span class='ocrx_word' id='word_1_195' title='bbox 881 2481 930 2520; x_wconf 90' lang='lat' dir='ltr'>et</span> <span class='ocrx_word' id='word_1_196' title='bbox 976 2475 1149 2520; x_wconf 86' lang='lat' dir='ltr'>idcirco</span> <span class='ocrx_word' id='word_1_197' title='bbox 1201 2489 1250 2520; x_wconf 90' lang='lat' dir='ltr'>se</span> <span class='ocrx_word' id='word_1_198' title='bbox 1302 2487 1480 2534; x_wconf 88' lang='lat' dir='ltr'>sparsas</span> <span class='ocrx_word' id='word_1_199' title='bbox 1527 2471 1761 2518; x_wconf 89' lang='lat' dir='ltr'>Veterum</span> 
     </span>
     <span class='ocr_line' id='line_1_29' title="bbox 298 2553 1764 2616; baseline -0.003 -14"><span class='ocrx_word' id='word_1_200' title='bbox 298 2557 561 2602; x_wconf 87' lang='lat' dir='ltr'>Doctorum</span> <span class='ocrx_word' id='word_1_201' title='bbox 597 2558 911 2616; x_wconf 85' lang='lat' dir='ltr'>expositiones</span> <span class='ocrx_word' id='word_1_202' title='bbox 947 2558 995 2601; x_wconf 91' lang='lat' dir='ltr'>in</span> <span class='ocrx_word' id='word_1_203' title='bbox 1031 2572 1140 2601; x_wconf 91' lang='lat' dir='ltr'>eum</span> <span class='ocrx_word' id='word_1_204' title='bbox 1177 2555 1421 2616; x_wconf 88' lang='lat' dir='ltr'>collegisse</span> <span class='ocrx_word' id='word_1_205' title='bbox 1461 2560 1604 2613; x_wconf 87' lang='lat' dir='ltr'>atque</span> <span class='ocrx_word' id='word_1_206' title='bbox 1641 2553 1764 2599; x_wconf 90' lang='lat' dir='ltr'>ordi-</span> 
     </span>
     <span class='ocr_line' id='line_1_30' title="bbox 298 2637 883 2698; baseline -0.009 -11"><span class='ocrx_word' id='word_1_207' title='bbox 298 2655 445 2687; x_wconf 88' lang='lat' dir='ltr'>nasse.</span> <span class='ocrx_word' id='word_1_208' title='bbox 483 2639 682 2684; x_wconf 88' lang='lat' dir='ltr'>Prooem.</span> <span class='ocrx_word' id='word_1_209' title='bbox 707 2654 751 2698; x_wconf 89' lang='lat' dir='ltr'>p.</span> <span class='ocrx_word' id='word_1_210' title='bbox 773 2637 883 2683; x_wconf 73' lang='lat'>263.</span> 
     </span>
    </p>

    <p class='ocr_par' dir='ltr' id='par_1_5' title="bbox 299 2717 1763 2945">
     <span class='ocr_line' id='line_1_31' title="bbox 365 2717 1762 2779; baseline -0.003 -12"><span class='ocrx_word' id='word_1_211' title='bbox 365 2722 509 2767; x_wconf 90' lang='lat' dir='ltr'>Hunc</span> <span class='ocrx_word' id='word_1_212' title='bbox 556 2721 959 2766; x_wconf 88' lang='lat' dir='ltr'>Commentarium</span> <span class='ocrx_word' id='word_1_213' title='bbox 1004 2721 1155 2779; x_wconf 90' lang='lat' dir='ltr'>primo</span> <span class='ocrx_word' id='word_1_214' title='bbox 1202 2720 1289 2765; x_wconf 90' lang='lat' dir='ltr'>sub</span> <span class='ocrx_word' id='word_1_215' title='bbox 1330 2719 1540 2766; x_wconf 84' lang='lat' dir='ltr'>Victoris</span> <span class='ocrx_word' id='word_1_216' title='bbox 1587 2717 1762 2764; x_wconf 92' lang='lat' dir='ltr'>Antio-</span> 
     </span>
     <span class='ocr_line' id='line_1_32' title="bbox 299 2798 1763 2864; baseline -0.003 -15"><span class='ocrx_word' id='word_1_217' title='bbox 299 2803 435 2849; x_wconf 91' lang='lat' dir='ltr'>cheni</span> <span class='ocrx_word' id='word_1_218' title='bbox 460 2803 725 2864; x_wconf 87' lang='lat' dir='ltr'>Presbyteri</span> <span class='ocrx_word' id='word_1_219' title='bbox 759 2803 948 2848; x_wconf 89' lang='lat' dir='ltr'>nomine</span> <span class='ocrx_word' id='word_1_220' title='bbox 983 2802 1152 2847; x_wconf 86' lang='lat' dir='ltr'>Latine</span> <span class='ocrx_word' id='word_1_221' title='bbox 1189 2802 1338 2848; x_wconf 88' lang='lat' dir='ltr'>edidit</span> <span class='ocrx_word' id='word_1_222' title='bbox 1361 2801 1632 2847; x_wconf 67' lang='lat' dir='ltr'>Thffldorus</span> <span class='ocrx_word' id='word_1_223' title='bbox 1656 2798 1763 2845; x_wconf 90' lang='lat' dir='ltr'>Pel-</span> 
     </span>
     <span class='ocr_line' id='line_1_33' title="bbox 302 2881 1761 2945; baseline -0.003 -15"><span class='ocrx_word' id='word_1_224' title='bbox 302 2890 439 2930; x_wconf 86' lang='lat' dir='ltr'>tanus</span> <span class='ocrx_word' id='word_1_225' title='bbox 462 2885 717 2945; x_wconf 87' lang='lat' dir='ltr'>Ingolstad.</span> <span class='ocrx_word' id='word_1_226' title='bbox 746 2888 888 2930; x_wconf 87' lang='lat'>1580.</span> <span class='ocrx_word' id='word_1_227' title='bbox 961 2884 1123 2930; x_wconf 85' lang='lat' dir='ltr'>Graece</span> <span class='ocrx_word' id='word_1_228' title='bbox 1158 2890 1317 2930; x_wconf 87' lang='lat' dir='ltr'>autem</span> <span class='ocrx_word' id='word_1_229' title='bbox 1356 2883 1562 2944; x_wconf 88' lang='lat' dir='ltr'>vulgavit</span> <span class='ocrx_word' id='word_1_230' title='bbox 1592 2881 1761 2927; x_wconf 85' lang='lat' dir='ltr'>Petrus</span> 
     </span>
    </p>
   </div>
  </div>
 </body>
</html>
