1872 3366
309 215 383 253 AD
412 212 590 255 co‘MM.
611 215 910 255 CHRYSOST.
936 215 998 254 IN
1027 216 1065 254 S.
1085 214 1435 255 MATTHAEUM.
1536 213 1618 261 487

219 338 315 383 117,
332 342 404 386 30.
438 330 630 388 χειμῶνος
651 322 723 372 καὶ
745 325 771 383 ἦ
793 322 885 383 ὄψις
907 323 1053 378 αὖτοὺς
1075 323 1312 388 ἐθορύβησεν
1332 328 1403 372 τοῦ
1424 329 1618 387 χειμῶνος

147 400 223 464 οὐχ
243 399 379 459 ἦττον.

218 483 314 534 118,
334 496 403 540 29.
437 478 600 542 ἀγάπης
622 477 748 541 μόνον.

219 573 315 617 119,
334 570 377 617 5.
411 555 471 618 μὴ
493 554 631 603 πίστει
654 553 768 608 ὄντας
793 555 883 619 ‘³77-
983 575 1023 619 9.
1060 557 1238 618 ἐμβολή.

220 650 316 690 120,
336 651 405 691 24.
433 640 538 694 φυλ.
562 632 739 689 ἐντολὰς,
762 655 802 681 τ.
826 633 870 681 δὲ
891 638 960 681 τοῦ
983 638 1087 682 Θεοῦ
1108 633 1446 700 παραβαίνεσθαι.
1630 654 1653 695 5

221 727 318 767 120,
337 728 406 772 29.
435 708 481 758 τὸ
503 709 563 771 μὴ
584 708 806 758 νίπτεσθαι.

221 806 317 846 120,
335 807 406 851 34.
441 786 507 836 τόν
535 794 608 836 τῶν
641 809 708 852 πρ.
732 786 952 855 βεβαιώσῃ
986 787 1112 852 νόμον.
1157 787 1232 838 οὐδ’
1255 787 1307 836 αὖ
1340 789 1464 836 πάλιν
1493 810 1618 848 κατη-

147 872 264 932 γορεῖ
278 872 351 914 τῶν
372 865 652 930 πρεσβυτέρων
673 865 723 919 ὦς
743 886 886 930 παραυ.

221 962 317 1000 121,
337 961 407 1006 23.
441 945 625 1003 νοήσατε,
648 943 905 1002 διανάστητε.

220 1040 317 1080 122,
335 1041 378 1084 9.
406 1021 591 1084 ἀφίησιν.
1638 1046 1685 1072 ιο

219 1118 315 1162 123,
333 1118 405 1162 31.
438 1098 672 1164 κραζοῦσης.

220 1196 318 1238 124,
339 1197 406 1225 10.
441 1177 581 1236 αὐτῆς.
683 1181 750 1225 16.
786 1176 1029 1235 ἐπεδείξατο.
1133 1197 1202 1239 24.
1238 1178 1412 1238 ε’κκὸψει.

221 1262 318 1313 126,
340 1275 408 1304 10.
442 1257 607 1315 ποιήση.
713 1269 782 1316 25.
817 1256 963 1304 ἐννοεῖν.

220 1349 317 1394 127,
335 1348 377 1396 5.
411 1334 518 1397 μήτε
540 1331 666 1381 πλείω
686 1332 870 1396 γενέσθαι
892 1335 1057 1395 ἀφεῖναι
1079 1335 1134 1383 τὰ
1157 1334 1344 1393 λείψανα.

220 1417 317 1469 128,
340 1427 407 1472 17.
440 1412 693 1476 κατενέγκαι.
795 1432 867 1477 32.
903 1413 1036 1468 λύσας
1058 1412 1126 1461 καὶ
1148 1413 1301 1479 νεκροὺς
1323 1413 1573 1473 ἀναστήσας.
1635 1434 1681 1475 15

220 1507 316 1550 130,
333 1505 375 1551 5.
411 1490 679 1556 διατηρήσεις.
787 1512 854 1544 12.
889 1491 1077 1555 ἐπετίμα.
1176 1506 1246 1552 25.
1279 1492 1604 1556 παρατηρήσεων.

207 1585 316 1631 7131,
336 1582 405 1628 27.
438 1568 689 1633 προελθόντα.

220 1661 317 1706 133,
339 1662 405 1694 12.
439 1645 482 1693 οὖ
505 1649 704 1710 βιάζομαι
728 1649 814 1697 οὐδὲ
836 1649 1059 1713 ἀναγκάζω.
1166 1662 1232 1707 17.
1267 1646 1456 1712 ἐρχέσθω.

221 1741 317 1784 134,
337 1741 380 1772 2.
415 1723 639 1788 διαφυγεῖν.

220 1814 317 1861 135,
340 1815 407 1862 15.
437 1807 512 1849 τῶν
532 1809 758 1867 προφητῶν.
863 1818 934 1866 35.
970 1803 1014 1852 οὗ
1035 1801 1149 1866 μόνον
1171 1802 1214 1850 δὲ
1237 1802 1303 1850 διὰ
1325 1801 1418 1856 τὰς.
1633 1827 1684 1852 20

220 1883 317 1939 136,
339 1895 407 1927 12.
442 1878 576 1928 οὗδένα
597 1886 702 1942 φοβ.
809 1896 876 1943 15.
909 1902 1060 1946 περιεκ.
1087 1881 1279 1946 σφοδρῶς.

220 1960 318 2017 136,
340 1960 407 2004 18.
443 1955 608 2016 ἐκείνης.
713 1977 782 2022 29.
817 1959 981 2018 ἀπειλὴ.

218 2048 316 2095 137,
343 2048 410 2095 15.
445 2042 533 2096 φῶς
570 2035 753 2101 ἄκρατον.
874 2055 943 2086 21.
988 2035 1074 2104 ffel
1110 2036 1169 2085 δ’τι
1209 2035 1320 2099 μετὰ
1359 2040 1491 2084 ταῦτα
1529 2034 1619 2084 οὔτε

147 2109 317 2173 ἔμελλον
340 2111 674 2172 σκανδαλίζεσθαι
697 2113 786 2162 οὔτε
809 2114 848 2163 οἱ
864 2113 949 2163 Ἀπ.
1090 2112 1099 2118 „

218 2193 314 2250 138,
332 2207 404 2251 33.
438 2197 545 2251 φησι
568 2190 663 2256 γὰρ,
686 2190 821 2246 οὕτως.
1631 2211 1651 2236 2
1657 2208 1680 2249 5

218 2283 314 2323 140,
336 2283 403 2324 14.
437 2266 654 2326 ἀπήλαυεν.
755 2273 825 2318 28.
859 2268 947 2317 οὐδὲ
967 2269 1048 2333 γάρ
1073 2268 1179 2316 ἔστι.

219 2361 315 2403 141,
335 2361 405 2394 22.
439 2343 710 2409 διατρίβομεν.
813 2364 884 2409 32.
919 2346 1160 2410 ἀντείχοντο.

219 2438 316 2481 142,
335 2427 377 2469 8.
412 2421 463 2475 ὧς
483 2420 574 2485 περὶ
595 2423 699 2482 ἀνθρ.
802 2438 871 2485 25.
905 2422 1015 2488 παρὰ
1036 2446 1076 2471 τ.
1099 2423 1197 2487 ἀρχ.
1300 2428 1369 2473 28.
1399 2421 1465 2471 -τόν
1488 2422 1527 2471 ἐν
1550 2427 1618 2489 τῷ.

218 2516 315 2561 143,
336 2517 377 2548 2.
411 2498 493 2561 ἔφη
515 2519 600 2547 om.
619 2504 728 2547 Cod.
747 2505 800 2547 B.
902 2519 968 2548 10.
1003 2506 1131 2558 βυθῶν
1151 2498 1313 2549 ἐκείνων.

218 2595 313 2638 143,
335 2594 402 2638 13.
436 2598 477 2624 τ.
503 2583 702 2642 στατῆρα,
725 2578 839 2626 ἀλλὰ
861 2577 968 2632 θείας
990 2579 1191 2641 δυνάμεως
1211 2576 1281 2626 καὶ
1303 2579 1536 2644 ἀπορρήτου.
1628 2593 1681 2631 30

217 2672 312 2717 143,
333 2669 401 2716 25.
433 2653 492 2702 ἔτι
517 2654 631 2703 διατί
646 2654 712 2703 τὸν
735 2661 796 2704 Π.
818 2659 891 2718 ἧμ.
914 2655 1202 2720 προετίμησας.

218 2750 315 2792 144,
335 2750 373 2779 1.
407 2753 506 2781 ταπ.
528 2754 632 2781 τινα.
739 2751 806 2781 11.
840 2733 963 2798 ὁρίζω.
1063 2752 1131 2793 14.
1167 2732 1549 2798 εὗκαταφρονήτους.

219 2827 315 2869 144,
334 2828 403 2872 23.
438 2808 572 2858 Διατί
586 2809 805 2869 ταλανίζων
824 2808 870 2857 τό
893 2809 980 2860 οὐαὶ
1003 2810 1185 2860 τέθεικεν.

220 2904 314 2945 144,
334 2891 403 2937 28.
438 2887 563 2935 ἐλθεῖν
591 2909 631 2935 τ.
657 2909 724 2935 σκ.
748 2893 830 2941 πῶς
860 2886 1018 2936 δυνατὸν
1048 2894 1178 2937 ταῦτα
1203 2889 1433 2952 διαφυγεῖν.
1479 2887 1616 2947 ἐπειδὴ

149 2963 186 3012 εἰ
207 2962 276 3012 καὶ
299 2961 405 3013 εἶπεν
427 2962 486 3012 ὅτι
510 2965 664 3027 ἀνάγκη
687 2964 813 3013 ε’λθεῒν
834 2965 888 3013 τὰ
911 2966 1135 3024 σκάνδαλα,
1157 2966 1201 3015 οὗ
1221 2988 1262 3014 τ.
1287 2966 1374 3015 αὖθ.
1626 2979 1674 3020 35
