1864 3380
629 218 666 259 P
676 218 720 260 R
730 218 786 259 AE
800 218 928 260 FAT
939 218 1024 260 10.
1484 218 1588 260 xxiii

109 333 461 381 existimatione
483 333 633 380 habiti
656 334 836 380 fuerint
862 334 990 395 apud
1012 334 1228 382 homines
1260 349 1424 382 eorum
1457 336 1587 382 aetati

107 417 258 479 magis
280 417 581 478 propinquos.

175 500 300 547 Cum
322 500 356 545 ii
379 515 491 561 ergo
515 499 609 545 sint
627 499 851 560 praecipui
874 499 1072 555 fructus,
1091 516 1208 561 quos
1226 501 1333 562 plus
1354 502 1587 557 minusve,

108 582 369 628 secundum
392 581 663 628 Auctorum
687 581 998 644 diligentiam,
1023 589 1073 629 et
1097 582 1330 629 Codicum
1363 589 1588 644 praestan-¹

110 666 241 720 tiam,
277 680 339 711 ex
373 665 545 712 horum
579 665 1042 712 Commentariorum
1077 666 1297 721 lectione,
1332 672 1587 728 expectare

107 747 354 809 possimus,
376 747 556 809 placuit
581 747 708 794 Preli
731 747 1011 795 Academici
1036 748 1296 811 Delegatis‚
1320 749 1432 796 huic
1459 750 1584 811 parti

106 829 376 892 Theologiae
391 830 578 877 Criticae
601 829 802 876 nimium
825 830 1067 892 neglectae,
1087 831 1334 877 advertere
1358 831 1585 886 animum,

105 913 318 974 mihique
336 928 498 960 curam
516 914 829 968 committere,
844 914 1190 974 praestantiores
1209 913 1413 960 Catenas
1430 913 1586 961 adhuc

106 997 309 1043 ineditas
342 998 393 1043 in
417 996 548 1043 Novi
572 997 782 1043 Foederis
816 997 972 1052 libros,
998 997 1203 1059 vulgare,
1232 998 1335 1059 jam
1367 998 1583 1060 vulgatas

106 1095 231 1135 vero,
258 1086 490 1141 quantum
524 1080 626 1126 fieri
662 1081 823 1141 possit,
851 1080 1197 1127 emendatiores
1232 1078 1356 1135 dare,
1387 1086 1489 1127 tam
1523 1097 1586 1128 ex

105 1168 372 1208 nostrarum
396 1178 538 1223 quam
562 1168 834 1209 exterarum
859 1163 1266 1210 Bibliothecarum
1291 1164 1562 1211 Codicibus.

173 1244 263 1290 Cui
286 1244 417 1306 gravi
441 1250 491 1291 et
513 1260 697 1306 magnae
727 1245 842 1291 aleae
873 1251 1018 1306 atque
1049 1245 1219 1292 laboris
1251 1245 1586 1308 operi,'vereor

105 1327 327 1388 equidem
360 1342 421 1373 ne
455 1328 608 1389 impar
639 1329 830 1374 omnino
854 1327 1044 1374 futurus
1078 1329 1198 1384 sim3
1234 1330 1318 1376 sed
1353 1336 1403 1376 et
1437 1331 1584 1391 ipsius

105 1411 331 1472 propositi
354 1410 549 1466 utilitas,
569 1417 673 1457 tum
697 1412 855 1467 etiam,
876 1413 1003 1473 quod
1025 1413 1177 1459 indies
1199 1413 1350 1475 magis
1373 1429 1584 1461 crescere

105 1494 294 1541 videtur
331 1494 456 1555 apud
499 1494 766 1551 Nostrates,
806 1496 1001 1543 Veteris
1040 1496 1309 1559 Theologiae
1355 1497 1583 1553 studium,

105 1577 296 1638 impulit
318 1583 374 1624 ut
398 1578 447 1624 id
470 1578 519 1623 in
541 1593 620 1624 me
643 1578 944 1639 susciperem.

174 1659 316 1715 Quod
350 1665 512 1706 autem
544 1660 635 1707 hoc
658 1660 900 1706 volumine
933 1661 1246 1722 praestiterim,
1270 1677 1397 1708 nunc
1419 1663 1583 1724 paucis

105 1744 371 1789 monendus
394 1748 466 1789 est
489 1743 653 1790 lector.
711 1744 944 1791 Catenam
966 1745 1016 1791 in
1041 1744 1356 1806 Evangelium
1381 1744 1430 1792 S.
1450 1745 1583 1792 Mat-

107 1825 230 1880 thaei,
262 1825 491 1872 hactenus
525 1826 770 1880 ineditam,
796 1827 1117 1887 suppeditavit
1143 1827 1261 1873 mihi
1295 1830 1582 1888 praestantis-

106 1908 252 1954 simus
281 1908 447 1955 Codex
470 1907 797 1964 Coislinianus,
822 1909 957 1970 cujus
989 1909 1090 1956 haec
1121 1916 1195 1956 est
1229 1909 1581 1958 Montfauconii

106 1991 373 2052 descriptio.

173 2079 200 2098 “
223 2073 389 2119 Codex
413 2073 617 2121 XXIII.
654 2075 768 2121 olim
793 2074 1038 2124 CCCXV.
1074 2077 1461 2124 membranaceus
1484 2078 1578 2124 XI.

106 2161 132 2180 “
156 2155 343 2201 circiter
376 2156 546 2211 saeculi,
570 2158 620 2202 in
644 2173 737 2218 quo
761 2163 964 2219 quatuor
996 2158 1258 2222 Evangelia
1293 2175 1402 2207 cum
1438 2161 1581 2207 Com-

107 2245 133 2263 “
156 2240 413 2285 mentariis.
447 2252 450 2254 ·
483 2240 542 2286 111
578 2240 868 2288 Matthaeum
903 2243 1096 2302 quidem
1132 2243 1472 2291 Commentarii
1496 2245 1529 2291 J
1531 2261 1581 2292 o-

106 2326 134 2346 “
157 2321 268 2366 anni
307 2321 644 2383 Chrysostomo
678 2324 814 2369 initio
845 2325 1188 2381 adscribuntur,
1213 2333 1264 2373 et
1297 2328 1347 2372 in
1381 2328 1475 2373 fine
1498 2328 1579 2374 fol.

102 2409 130 2429 ‘⁶
156 2407 267 2450 108.
290 2405 382 2451 ubi'
397 2407 626 2467 scriptum
650 2411 738 2462 est,
762 2405 881 2458 τέλος
904 2412 977 2463 τῆς
1013 2405 1220 2470 ἑρμηνείας
1244 2413 1312 2454 τοῦ
1342 2407 1580 2472 Χρυσοστὸ-

104 2492 132 2513 “
156 2508 247 2546 μου.
324 2488 420 2534 Sed
454 2488 618 2535 multae
651 2495 884 2550 praeterea
918 2491 1152 2536 variorum
1196 2491 1393 2537 Patrum
1434 2508 1580 2553 expo-

105 2576 134 2596 “
157 2570 349 2618 sitiones
372 2573 769 2619 intermiscentur.
832 2572 944 2619 Fuit
968 2573 1082 2619 olim
1102 2573 1384 2620 Monasterii
1414 2574 1579 2621 Sancti

107 2657 133 2676 ‘⁶
155 2651 407 2699 Athanasii
432 2654 482 2699 in
506 2653 681 2700 Monte
704 2653 853 2709 Atho,
877 2661 933 2701 ut
965 2671 1026 2702 ex
1057 2657 1243 2703 duobus
1265 2657 1389 2702 foliis
1411 2658 1460 2702 in
1483 2657 1578 2703 fine

105 2738 134 2757 “
156 2733 321 2793 positis
344 2736 595 2796 arguitur.'’

115 2815 118 2817 ’
174 2815 239 2861 Et
273 2821 380 2876 post
411 2815 679 2863 Auctorum
712 2818 994 2881 Catalogum
1029 2821 1174 2867 addit.
1244 2828 1271 2847 “
1296 2822 1443 2870 Porro
1467 2839 1579 2870 con-

108 2904 133 2923 “
148 2898 385 2958 jecturam
410 2904 617 2946 nostram
643 2901 702 2947 de
726 2907 866 2948 aetate
899 2902 1025 2950 illius
1060 2903 1247 2952 Codicis
1282 2921 1422 2968 supra
1454 2909 1577 2969 posi-
