1884 3392
682 236 719 276 P
729 235 830 277 RAE
842 234 1004 277 FATI
1015 234 1074 275 Ο.’
1592 244 1625 270 ν’

143 350 246 393 driae
266 349 466 392 floruisse.
527 344 574 390 Is
593 348 702 390 enim
725 348 766 389 in
789 347 889 389 Lib.
907 347 987 388 VI.
1010 344 1422 402 Contemplationum
1445 346 1621 400 Anago-

143 419 331 476 gicarum
361 419 403 460 in
436 419 748 469 Hexaemeron,
770 415 887 473 quod
919 430 1027 472 opus
1059 413 1260 456 eximium
1294 414 1443 456 Graece
1474 428 1619 455 exara-

145 500 236 530 tum
269 503 345 529 nec
377 486 554 538 editum,
575 486 616 527 in
645 485 834 541 Collegio
855 486 981 527 Novo
1001 483 1304 526 Oxoniensium
1337 482 1528 524 evolvere
1555 497 1622 523 me

145 555 330 606 memini,
350 554 703 612 Olympiodorum
734 563 933 611 tanquam
961 553 1076 594 πολὺν
1102 554 1153 592 τοὶ
1174 554 1264 602 θεῖα,
1287 551 1327 593 h.
1348 567 1385 593 e.
1407 552 1451 592 in
1472 550 1628 592 divinis

145 626 271 667 rebus
298 624 496 682 praeclare
521 633 742 675 versatum,
765 623 818 665 ad
847 633 987 680 partes
1007 630 1143 672 vocat,
1162 636 1239 662 nec
1258 620 1478 677 permittit,
1502 629 1550 661 ut
1571 619 1624 661 de

148 692 439 751 Olympiodori
460 702 583 734 aetate
601 691 781 748 amplius
800 691 1056 734 dubitemus.

205 767 233 787 “
255 763 386 803 Hunc
413 761 567 818 excipit
599 760 893 812 OEcumenius,
914 759 1057 801 itidem
1079 759 1249 800 incertae
1280 757 1414 799 aetatis
1435 756 1625 813 scriptor,

148 831 202 874 ab
225 829 530 887 Olympiodoro
550 839 686 871 tamen
709 829 869 886 aliquot
890 830 1138 871 saeculorum
1161 826 1379 869 intervallo
1399 826 1627 882 sejunctus,

149 915 245 943 cum
281 899 492 941 communi
527 898 614 940 fere
643 899 830 940 omnium
868 897 1072 940 sententia
1101 906 1202 938 aetas
1234 896 1327 952 ejus
1360 894 1402 936 in
1440 904 1630 951 tempora

152 968 317 1011 Saeculo
336 968 470 1009 VIII.
502 967 731 1024 posteriora
757 966 925 1008 incidat.
987 964 1287 1008 commentarii
1316 964 1407 1021 ejus
1426 963 1468 1004 in
1490 965 1631 1004 Actus·

152 1036 455 1093 Apostolorum
493 1045 535 1077 et
574 1035 789 1093 Epistolas
823 1034 1035 1085 PaulinaS,
1072 1049 1167 1075 cum
1207 1048 1259 1075 ex
1306 1032 1396 1074 aliis
1430 1031 1632 1073 Ecclesiae
1685 1028 1697 1033 ⁴

154 1104 426 1154 Doctoribus‚
456 1114 546 1145 tum
582 1119 683 1145 vero
708 1102 912 1160 imprimis
943 1119 994 1145 ex
1027 1101 1317 1159 Chrysostomi
1346 1100 1510 1157 scriptis
1535 1114 1631 1141 con-

153 1173 323 1223 cinnati,
344 1172 470 1214 hodie
490 1187 572 1213 non
594 1172 823 1228 injucunde
846 1172 1056 1228 leguntur.

214 1247 241 1267 ‘⁶
266 1242 465 1298 Superest
496 1240 666 1282 Nicetas
697 1255 779 1282 non
814 1240 1050 1292 Heraclius,
1074 1255 1161 1296 quo
1191 1238 1357 1280 nomine
1377 1253 1402 1279 a
1423 1236 1561 1279 Frisio
1588 1236 1635 1278 in

157 1310 420 1352 Bibliotheca
449 1308 700 1366 appellatur,
733 1324 808 1351 nec
840 1300 1040 1358 Davides,
1069 1319 1144 1351 aut
1176 1308 1409 1366 Paphlago,
1430 1322 1526 1349 cum
1548 1320 1636 1362 quo

156 1394 252 1421 eum
283 1395 308 1421 a
338 1377 548 1420 nonnullis
578 1393 794 1435 perperam
830 1377 1030 1420 confundi
1063 1379 1195 1420 solere
1238 1376 1401 1418 monuit
1434 1375 1500 1418 Cl.
1523 1374 1637 1416 Mol-

157 1450 270 1491 lerus
303 1464 343 1505 p.
362 1449 461 1503 506.
485 1447 924 1504 Homonymoscopiae,
953 1447 1024 1489 sed
1059 1448 1224 1498 Set-ron,
1247 1444 1637 1502 Archi-Episcopus

160 1516 464 1567 Heracleensis,
483 1516 606 1573 cujus
637 1526 738 1558 aetas
768 1516 810 1558 in
846 1518 949 1558 Saec.
973 1517 1066 1558 XI,
1086 1516 1270 1557 medium
1296 1530 1321 1556 a
1343 1514 1409 1556 Cl.
1433 1513 1566 1556 Cavio
1595 1523 1638 1555 et

159 1586 250 1629 aliis
280 1584 474 1626 refertur.
537 1584 655 1626 Huic
685 1584 797 1626 illam
834 1583 875 1625 in
905 1585 1067 1626 Jobum
1095 1595 1295 1635 catenam,
1318 1598 1445 1640 quam
1478 1581 1639 1623 Paulus

162 1653 398 1697 Comitolus
428 1652 734 1710 Olympiodoro
762 1653 1027 1695 tribuendam
1059 1652 1239 1710 putavit,
1264 1653 1396 1693 Laur.
1418 1666 1513 1692 cum
1543 1651 1639 1692 Deo

161 1722 205 1764 in
226 1722 469 1779 praefatione
489 1721 542 1763 ad
563 1721 740 1779 primam
772 1722 994 1764 editionem
1017 1721 1259 1772 vindicavit,
1282 1728 1638 1777 propugnatorem

162 1799 310 1832 nactus
341 1791 437 1832 Pet.
465 1791 754 1842 Lambecium,
784 1790 939 1832 Virum
972 1789 1352 1847 diligentissimum,
1384 1788 1426 1829 in
1460 1788 1567 1829 libro
1588 1789 1638 1829 V.

165 1858 569 1901 Commentariorum
587 1859 639 1900 de
656 1859 857 1901 Biblioth.
872 1858 1212 1908 Vindobomensi,
1234 1873 1277 1914 p.
1295 1859 1363 1913 63.
1380 1856 1454 1913 qui
1470 1856 1639 1897 lib.III.

164 1942 208 1984 p.
227 1927 294 1969 28.
316 1926 502 1983 ejusdem
532 1926 573 1968 in
604 1927 794 1969 Psalmos
815 1928 1016 1970 catenam
1046 1936 1243 1969 recenset.
1266 1945 1268 1947 ·
1307 1926 1374 1968 Sic
1400 1925 1523 1967 etiam
1561 1926 1642 1966 Pa-

166 1995 311 2038 tricius
350 1995 508 2037 Junius
547 1995 589 2037 in
626 1995 802 2053 repetita
837 1996 1022 2053 ejusdem
1062 1997 1234 2038 Catenae
1269 1994 1464 2045 editione,
1500 1993 1644 2035 multis

166 2063 301 2106 modis
326 2063 620 2116 emendatiore,
640 2079 737 2120 quae
768 2064 954 2106 Londini
980 2065 1102 2121 1637,
1137 2065 1286 2105 Graece
1321 2073 1362 2104 et
1388 2062 1541 2104 Latine
1572 2078 1643 2104 cu-

167 2142 259 2174 rata
287 2141 363 2183 est,
394 2131 556 2174 Nicetae
588 2147 677 2174 eam
709 2132 852 2174 deberi
884 2132 989 2174 adeo
1020 2148 1105 2174 non
1140 2132 1363 2184 dubitavit,
1396 2142 1445 2174 ut
1479 2132 1522 2173 in
1554 2132 1645 2189 ipsa

166 2201 304 2258 operis
342 2200 609 2258 inscriptione
649 2217 798 2243 nomen
840 2201 931 2258 ejus
970 2201 1289 2259 exprimendum
1326 2201 1508 2258 putavit.
1584 2202 1646 2242 Et

168 2269 362 2311 nituntur
397 2269 567 2326 quidem
608 2269 666 2311 illi
703 2270 950 2312 auctoritate
989 2280 1177 2312 veterum
1221 2270 1440 2321 Codicum,
1477 2269 1644 2326 qualem

171 2338 303 2379 Laur.
325 2353 420 2379 cum
443 2339 538 2379 Deo
557 2337 600 2379 in
622 2338 883 2380 Bibliotheca
911 2339 1043 2395 Regis
1073 2338 1223 2381 Galliae
1249 2339 1421 2380 obvium
1453 2354 1541 2380 esse
1572 2338 1646 2379 ob-

172 2406 365 2457 servavit,
388 2405 455 2448 cui
485 2405 644 2447 Junius
671 2406 773 2448 alios
800 2422 882 2448 non
917 2407 1204 2449 dissentientes
1233 2407 1287 2448 ad
1320 2406 1430 2448 latus
1460 2406 1646 2448 collocat.

173 2476 324 2518 Cetera
343 2484 605 2532 argumenta,
625 2491 723 2531 quae
752 2491 831 2532 pro
858 2475 936 2517 hac
963 2476 1166 2517 sententia
1194 2486 1400 2533 pugnant,
1421 2490 1535 2517 nunc
1555 2475 1648 2532 qui-

173 2544 269 2587 dem
298 2559 381 2586 non
411 2560 555 2600 urgeo,
574 2544 616 2585 in
638 2544 716 2586 hoc
737 2545 824 2585 solo
842 2544 1101 2601 acquiescere
1132 2559 1199 2586 me
1229 2559 1348 2600 posse
1380 2554 1511 2595 ratus,
1532 2543 1648 2601 quod

174 2613 248 2654 vix
279 2613 364 2654 veri
397 2612 590 2654 videatur
621 2611 765 2662 simile,
798 2612 830 2654 si
860 2611 1188 2670 olympiodorus
1219 2614 1322 2655 Saec.
1347 2613 1422 2654 VI.
1448 2611 1648 2669 Scriptor‚

169 2683 257 2739 jam
291 2683 472 2723 Catenas
502 2680 709 2722 formandi
736 2680 900 2722 initium
932 2680 1090 2731 fecerit,
1112 2681 1247 2723 tribus
1275 2680 1437 2723 circiter
1460 2679 1648 2731 Saeculis,

177 2749 253 2791 nisi
282 2749 390 2791 forte
416 2749 623 2806 pluribus,
646 2764 780 2806 usque
806 2749 859 2791 ad
881 2749 1186 2791 OEcumenium
1217 2749 1463 2799 labentibus,
1484 2748 1647 2791 nullum

177 2816 395 2868 exstitisse,
417 2817 491 2874 qui
516 2817 644 2873 hujus
670 2816 909 2873 exemplum
937 2817 989 2858 sit
1020 2826 1199 2867 secutus,
1222 2832 1316 2859 cum
1348 2816 1522 2859 vicissim
1555 2827 1651 2874 post

181 2885 480 2927 OEcumenium
533 2887 675 2942 plures
725 2900 766 2926 ν.
797 2901 833 2926 c.
885 2884 1066 2935 Nicetas‚
1107 2885 1381 2942 Euthymius,
1418 2886 1649 2937 Macarius,

180 2953 375 2995 Andreas
406 2953 633 3010 Presbyter
666 2963 743 2994 etc.
774 2952 828 2993 ad
859 2952 1034 2994 similem
1067 2952 1247 2994 laborem
1282 2969 1430 2996 manus
1458 2954 1652 2996 admove-

180 3021 279 3063 rint.
338 3022 610 3078 Relinquitur
629 3021 770 3077 itaque
789 3021 1086 3063 OEcumenium
1107 3022 1290 3078 primum
1311 3022 1418 3063 forte
1438 3038 1525 3064 esse
1545 3022 1653 3064 inter
