1872 3366
520 858 880 897 CORRIGENDA
909 858 976 896 ΕΤ
1004 858 1279 897 ADDENDA.

309 957 376 988 Pag.
399 956 462 982 Lin.

306 1014 372 1051 31,
420 1014 456 1051 9.
486 1002 658 1050 ἐπέθυμουν
676 1003 754 1053 leg.
775 1005 948 1051 ἐπεθύμουν

304 1067 368 1105 35,
391 1068 455 1105 34.
485 1059 654 1108 προφῆτων
671 1057 698 1095 l.
718 1062 887 1109 προφητῶν

303 1122 370 1159 47,
421 1122 460 1158 3.
490 1113 604 1154 αὐτοὺς
622 1111 647 1148 l.
666 1115 776 1155 αὐτοῖς

304 1174 368 1212 50,
392 1165 454 1202 18.
484 1166 500 1202 ὅ
518 1165 612 1208 Θεὸς,
633 1165 656 1202 l.
675 1168 690 1202 ὅ
709 1165 815 1210 Θεός;

304 1218 367 1268 89,
389 1231 448 1269 19.
478 1218 585 1263 &aa-1¹3
622 1219 676 1257 ’ὅτε
694 1220 721 1257 l.
743 1222 836 1258 διατί
849 1219 904 1258 ὅτε
924 1219 1234 1271 interrogationis
1263 1224 1355 1257 nota
1383 1219 1475 1270 poni
1504 1219 1634 1256 debuit

548 1279 635 1323 post
654 1273 850 1324 ἀναιρέσεως
867 1275 935 1312 lin.
961 1287 1023 1324 23.

282 1341 370 1371 101,
396 1339 456 1375 14.
486 1331 741 1376 ἐπικαλύψαμεν
758 1328 783 1365 l.
803 1331 1058 1378 ἐπικαλῦψωμεν
1122 1325 1137 1330 ’

282 1383 371 1427 106,
397 1393 456 1431 15.
486 1383 666 1433 ἐπιστοφῆν
684 1382 711 1420 l.
732 1385 930 1434 ἐπιστροφὴν

281 1449 296 1473 1
309 1449 370 1486 13,
419 1437 456 1473 6.
486 1441 545 1474 ποῦ
562 1437 588 1473 l.
606 1441 663 1474 τοῦ

282 1503 326 1538 13
338 1503 372 1534 1,
397 1502 460 1538 14.
488 1491 673 1528 ἀδεκαστόν
690 1491 717 1528 l.
739 1492 924 1529 ἀδέκαστον

283 1557 370 1594 132,
419 1553 456 1594 5.
485 1545 703 1594 γεγεννηκότα
721 1545 746 1582 l.
764 1544 968 1594 γεγεννηκότι

209 1625 214 1627 «
282 1611 370 1647 141,
425 1611 460 1638 1.
490 1601 543 1636 τὸν
562 1602 628 1649 ἀφ.
647 1599 674 1636 l.
694 1600 755 1645 τὴν
773 1603 839 1650 ἀφ.

283 1665 373 1700 141,
399 1665 416 1690 1
427 1666 459 1690 2.
488 1653 682 1703 γέγραφθαι
700 1653 727 1691 l.
746 1656 938 1704 γεγράφθαι

284 1707 372 1753 148,
397 1719 455 1744 10.
487 1709 574 1751 δῆλοι
592 1706 618 1744 1.
637 1709 731 1752 δηλοῖ

282 1761 373 1810 263,
398 1773 459 1800 10.
488 1761 655 1810 ἑρμῆνειαν
674 1760 702 1799 l.
721 1763 889 1811 ἑρμηνείαν

283 1825 373 1864 270,
425 1815 461 1853 8.
489 1812 579 1865 οἷπερ
597 1814 622 1852 l.
642 1812 734 1864 οὗπερ

284 1882 373 1919 290,
395 1881 458 1909 22.
486 1868 624 1906 Μωσέος
641 1868 666 1907 l.
686 1869 833 1907 Μωσέως

280 1923 372 1972 336,
393 1935 452 1972 19.
482 1926 623 1961 αι’-τοῦτα
641 1922 668 1960 l.
688 1926 834 1960 αἰτοῦσα

224 1988 325 2026 Add.
344 1988 393 2026 ad
410 2001 448 2037 p.
469 1997 562 2036 447.
582 1987 622 2024 in
641 1987 707 2025 fin.
763 1987 1011 2037 Agnoscebat
1039 1992 1078 2025 et
1108 1988 1274 2026 Irenaeus
1303 1994 1497 2039 receptum
1520 1991 1635 2028 finem

170 2043 320 2093 Evang.
351 2041 391 2080 S.
411 2041 535 2080 Marci
563 2046 606 2079 ut
633 2046 739 2091 patet
766 2054 812 2080 ex
840 2042 926 2080 Lat.
946 2042 1059 2079 Vers.
1082 2042 1126 2079 C.
1149 2043 1252 2081 Haer.
1274 2043 1318 2081 L,
1339 2043 1413 2082 ΙΙΙ.
1434 2057 1467 2083 c.
1495 2057 1554 2082 10.
1576 2046 1637 2083 cui

171 2098 286 2134 fidem
304 2096 395 2134 facit
408 2095 537 2134 Schol.
552 2095 648 2133 Cod.
669 2095 776 2133 Harl.
794 2096 913 2145 5647.
927 2096 1086 2134 membr.
1103 2096 1153 2134 X.
1176 2110 1260 2135 saec.
1282 2104 1384 2136 cont.
1400 2099 1469 2136 IV.
1486 2100 1636 2150 Evang.

172 2164 260 2188 cum
280 2150 422 2189 Scholl.
443 2150 483 2188 in
503 2150 544 2188 S.
558 2149 701 2188 Matth.
721 2155 760 2188 et
780 2150 822 2189 S.
836 2150 957 2188 Marc.

225 2209 268 2242 ‘O
292 2205 353 2253 μὲν
372 2201 422 2241 οὖν
440 2208 553 2255 Κύριος
578 2206 671 2251 μετὰ
700 2204 736 2241 τὸ
764 2207 915 2249 λαλῆσαι
943 2209 1056 2242 αὐτοῖς
1084 2205 1253 2255 ἀνελήφθη
1283 2210 1328 2244 εἷς
1355 2211 1409 2243 τὸν
1428 2209 1564 2257 οὐρανὸν,
1581 2210 1637 2245 καὶ

173 2262 325 2296 ἐκάθισεν
344 2262 380 2296 ἐκ
399 2255 507 2301 &aar
524 2262 580 2294 τοῦ
599 2262 692 2294 Θεοῦ.

228 2316 391 2363 Εἰρηναῖος
409 2315 423 2349 ὅ
444 2316 505 2349 τῶν
523 2310 733 2349 ’Ama-vdua&
748 2313 895 2356 πλησίον,
915 2315 947 2349 ἐν
967 2318 1014 2360 τῷ
1031 2310 1105 2362 πρὸς
1134 2315 1199 2350 τὰς
1227 2313 1369 2363 αἱρέσεις
1387 2316 1421 2364 γ’
1440 2314 1526 2364 λόγῳ
1545 2320 1639 2353 τοῦτο

174 2368 349 2415 ἀνήνεγκεν
367 2368 405 2404 τὸ
424 2364 513 2416 ῥητὸν
533 2369 574 2403 ὦς
592 2367 718 2416 Μάρκῳ
737 2365 902 2415 εἷρημένον.
