1884 3392
312 246 335 270 x
854 230 1237 270 PRAEFATIO.

314 342 385 382 ‘in
429 356 558 382 unum
600 340 846 396 compositas
895 340 1132 391 arbitretur,
1175 355 1248 382 sua
1289 355 1383 382 eum
1426 340 1546 382 valde
1586 339 1778 382 fefellerit

316 413 326 431 ‘
345 407 513 463 opinio?

372 480 400 499 ‘⁶
425 475 549 525 Quod
571 474 601 515 si
624 490 722 516 vero
743 475 839 525 sint,
863 490 958 537 quae
981 474 1043 516 his
1065 475 1172 517 vitiis
1192 490 1273 517 non
1295 475 1573 531 deturpentur
1594 475 1780 523 Catenae,

313 542 456 598 quales
474 542 686 583 interdum
706 541 1009 598 deprehendaS,
1030 542 1071 583 in
1093 543 1286 584 omnibus
1316 553 1453 584 tamen
1483 542 1527 583 id
1556 541 1778 591 desideres,

313 609 428 666 quod
458 609 664 650 rationum
695 618 915 661 momenta,
938 610 1092 666 quibus
1124 625 1199 651 sua
1228 618 1598 667 superstruxerunt
1618 609 1779 659 Patres,

313 677 561 733 plerumque
595 677 650 718 ob
684 677 899 719 brevitatis
934 677 1118 719 studium
1155 693 1324 734 prorsus
1358 687 1456 720 sunt
1487 677 1650 727 omissa,
1683 691 1781 732 quae

314 757 450 786 tamen
473 744 538 786 vel
569 746 804 786 summatim
836 745 1122 802 repraesentari
1142 745 1376 787 consultum
1399 745 1632 786 videbatur.
1694 743 1781 785 Ob-

314 822 518 854 servatum
540 828 709 869 quoque
729 812 826 864 fuit,
845 813 1010 855 eosdem
1040 827 1340 869 nonnunquam
1365 827 1494 854 unum
1517 812 1783 867 eundemque

313 878 448 920 locum
470 879 527 921 ita
547 879 746 936 proferre,
767 895 814 921 ac
835 880 866 920 si
889 880 960 920 uni
981 880 1182 922 debeatur
1203 880 1399 931 Auctori,
1421 895 1546 937 quem
1567 888 1705 922 tamen
1727 895 1778 922 ex

313 947 566 989 diversorum
589 948 779 1003 cogitatis
799 948 996 989 coaluisse
1017 948 1236 1004 intelligeS‚
1258 948 1328 989 ubi
1352 948 1426 999 illi,
1448 949 1603 1005 quibus
1622 947 1780 990 deben-

314 1025 397 1065 tur,
429 1015 507 1071 ipsi
539 1014 749 1071 leguntur.
823 1016 919 1056 Hac
951 1025 1069 1071 parte
1102 1015 1254 1056 rectius
1286 1016 1479 1072 egissent,
1510 1016 1542 1056 si
1577 1015 1782 1072 ejusmodi

315 1082 514 1139 symbolae
544 1081 608 1123 vel
640 1082 797 1123 nullius
817 1083 883 1124 vel
900 1083 1086 1124 omnium
1117 1097 1258 1124 eorum
1294 1082 1460 1124 nomina
1491 1082 1782 1139 praefixissent,

313 1165 492 1206 quorum
514 1150 680 1206 ingenio
700 1160 741 1191 et
761 1149 960 1192 doctrinae
979 1150 1223 1192 debebatur.
1287 1151 1394 1192 Haec
1414 1150 1513 1192 vitia
1533 1159 1582 1191 ut
1608 1149 1663 1191 ab
1682 1149 1783 1207 ipsis

316 1217 618 1260 Collectoribus
647 1218 870 1274 repetenda
902 1218 1110 1269 videntur,
1143 1218 1201 1259 ita
1228 1217 1308 1259 alia
1339 1226 1452 1268 sunt,
1481 1234 1577 1274 quae
1605 1217 1784 1259 librariis

315 1285 461 1327 merito
482 1285 654 1326 tribuas.
717 1284 779 1325 Hi
799 1284 907 1325 enim
930 1284 1081 1341 passim
1103 1300 1154 1326 ex
1177 1284 1393 1327 oscitantia
1423 1300 1577 1327 novum
1601 1285 1784 1327 testimo-

314 1354 429 1395 nium
450 1354 503 1395 ab
523 1353 603 1395 alio
624 1355 813 1394 Auctore
832 1363 981 1394 mutuo
1002 1363 1183 1395 sumtum
1213 1368 1308 1394 cum
1340 1354 1477 1410 priore
1505 1354 1782 1410 conjungunt,

314 1422 381 1462 vel
407 1421 550 1462 saltem
582 1435 665 1462 non
694 1421 807 1471 satis,
829 1420 996 1462 nomine
1027 1421 1178 1462 scilicet
1208 1435 1425 1477 perperam
1447 1420 1613 1471 omisso,
1633 1421 1781 1462 distin-

314 1498 469 1546 guunt,
489 1489 574 1530 imo
603 1488 770 1530 nomina
800 1488 888 1545 ipsa
917 1488 1174 1545 Scriptorum
1206 1489 1264 1530 ita
1294 1489 1572 1539 confundunt,
1595 1499 1643 1531 ut
1671 1488 1784 1531 locos

315 1556 517 1613 quosdam
551 1556 641 1597 aliis
671 1556 798 1597 tribui
834 1555 987 1608 videas,
1019 1572 1144 1613 quam
1177 1557 1333 1612 quibus
1363 1556 1583 1598 debentur.
1645 1557 1781 1598 Iidem

314 1625 381 1666 vel
421 1624 789 1682 prudentissimum
829 1623 1021 1665 lectorem
1063 1624 1104 1665 in
1139 1639 1318 1665 errorem
1358 1624 1553 1666 inducere
1592 1634 1782 1681 possunt,

313 1692 497 1749 quando,
520 1691 634 1748 quod
657 1692 807 1748 saepius
827 1707 904 1732 usu
925 1691 1054 1742 venit,
1076 1693 1243 1734 nomina
1271 1692 1443 1734 diversis
1468 1693 1720 1743 communia,
1740 1701 1785 1734 et

313 1759 629 1816 cognominibus
661 1759 970 1815 distinguenda,
1003 1759 1242 1815 simpliciter
1274 1760 1504 1816 proferunt.
1566 1761 1663 1802 Hoc
1694 1760 1783 1802 fieri

314 1828 573 1884 potissimum
593 1827 806 1869 observavi
826 1827 867 1868 in
897 1827 1062 1869 nomine
1084 1827 1293 1884 Gregorii,
1314 1827 1429 1884 quod
1451 1829 1722 1870 Nazianzeno
1741 1838 1784 1870 et

314 1896 355 1936 N
358 1910 507 1951 ysseno
530 1909 749 1936 commune
779 1910 865 1936 esse
895 1903 1069 1936 constat.
1130 1895 1183 1935 In
1202 1910 1252 1935 eo
1271 1893 1482 1935 exarando
1500 1893 1608 1935 hanc
1627 1893 1784 1936 librarii
1812 1896 1815 1899 ’

312 1963 653 2004 consuetudinem
682 1961 926 2002 familiarem
957 1960 1033 2002 sibi
1064 1960 1351 2011 reddiderunt,
1374 1970 1422 2003 ut
1442 1961 1515 2003 ubi
1536 1961 1650 2018 prior
1670 1961 1784 2003 venit

314 2029 713 2079 commemorandus,
737 2027 968 2084 Gregorius
999 2027 1237 2083 simpliciter
1266 2028 1514 2084 appelletur,
1547 2029 1619 2070 ubi
1648 2038 1786 2085 poste-

317 2096 411 2147 rior,
435 2096 613 2153 Nysseni
643 2111 872 2152 cognomen
904 2110 978 2152 per
998 2095 1212 2151 quoddam
1245 2094 1454 2137 literarum
1487 2096 1783 2152 compendium

317 2164 509 2206 addatur.
572 2166 720 2220 Atque
749 2164 840 2204 haec
860 2163 1027 2219 quidem
1050 2162 1213 2204 tolerari
1233 2171 1441 2220 poterant,
1463 2163 1538 2204 nisi
1562 2163 1638 2205 hoc
1659 2163 1786 2204 modo

317 2232 548 2274 confusioni
579 2241 702 2288 porta
731 2240 875 2287 aperta
906 2230 1066 2281 fuisset,
1089 2241 1136 2271 ut
1167 2230 1374 2272 interdum
1407 2231 1566 2272 nudum
1591 2231 1784 2287 Gregorii

316 2315 465 2341 nomen
487 2299 750 2355 designatum
772 2299 924 2350 videas,
946 2314 996 2340 eo
1016 2297 1058 2339 in
1079 2297 1184 2347 loco,
1205 2298 1249 2339 in
1270 2313 1356 2354 quo
1377 2298 1430 2340 de
1452 2299 1645 2355 Nysseno
1673 2298 1785 2356 cogi-

316 2368 490 2409 tandum
521 2377 595 2409 est.
660 2367 801 2409 Simile
830 2366 932 2423 quid
965 2365 1114 2408 accidit
1145 2366 1453 2422 Hesychioruin
1490 2381 1670 2422 quorum
1700 2381 1784 2408 non

317 2449 426 2475 unus
456 2445 532 2484 est,
562 2435 859 2486 Eusebiorum,
882 2433 1222 2484 Theodororum,
1255 2433 1457 2490 imprimis
1486 2434 1609 2475 etiam
1643 2434 1784 2476 Severi

316 2512 356 2543 et
379 2501 586 2542 Severiani
618 2502 866 2543 nominibus.
928 2501 978 2542 In
1012 2501 1075 2542 his
1106 2501 1271 2542 errandi
1301 2502 1477 2557 amplior
1508 2502 1691 2544 nascitur
1718 2518 1784 2544 oc-

317 2569 425 2610 casio
444 2585 495 2610 ex
516 2585 580 2620 eo,
602 2570 716 2626 quod
739 2569 907 2618 librarii,
930 2568 1135 2610 scribendi
1154 2569 1400 2625 compendia
1426 2570 1595 2611 liberius
1621 2580 1782 2612 sectan-

318 2647 394 2686 tes,
415 2637 469 2678 ab
498 2636 577 2678 illis
606 2636 649 2677 in
681 2636 917 2678 nominibus
947 2636 1127 2693 propriis
1158 2637 1439 2693 exprimendis
1469 2654 1512 2679 se
1545 2653 1626 2678 non
1658 2638 1784 2679 absti-

320 2713 457 2756 neant,
489 2714 529 2746 et
561 2704 771 2747 literarum
803 2704 956 2746 ductus
984 2704 1088 2745 adeo
1120 2719 1230 2760 saepe
1262 2704 1504 2760 impediant,
1534 2714 1580 2746 ut
1611 2704 1783 2747 alteram

318 2772 681 2824 abbreviationem,
703 2787 830 2829 quam
852 2782 1014 2824 vocant,
1035 2774 1088 2814 ab
1117 2771 1248 2814 altera
1277 2772 1533 2829 distinguere
1563 2772 1785 2814 difficulter

319 2839 461 2895 possis.
525 2840 672 2881 Fidem
696 2840 830 2882 verbis
850 2840 971 2881 faciet
999 2839 1139 2881 tabula
1171 2840 1383 2881 nominum
1417 2840 1678 2897 propriorum
1709 2854 1785 2896 per

318 2907 608 2962 compendium
634 2917 896 2948 exaratorum
918 2922 1015 2963 quae
1036 2907 1077 2947 in
1098 2907 1364 2948 eruditissimi
1389 2906 1694 2949 Montfauconii
1715 2921 1784 2948 ex-

317 2974 416 3018 imio
446 2989 583 3031 opere,
615 2974 730 3031 quod
763 2974 1121 3031 Palaeographiam
1154 2974 1346 3016 Graecam
1379 2973 1584 3030 inscripsit
1622 2990 1662 3032 p.
1683 2974 1782 3029 348.
