1884 3392
318 231 387 272 viii
865 232 1009 274 PRAE
1023 234 1248 275 FATIO.

316 344 454 384 asticae
487 342 630 399 peritis
664 352 826 385 exstare
860 343 902 385 in
936 344 1219 394 Bibliothecis,
1254 361 1351 401 quae
1385 346 1517 387 MSS.
1553 345 1784 396 abundant,

319 410 495 452 Codices
515 410 588 466 qui
606 410 868 452 Psalmorum
884 412 1139 462 LXXVII,
1157 422 1199 454 et
1217 412 1291 469 qui
1311 428 1406 455 eum
1429 429 1562 470 usque
1582 413 1636 455 ad
1654 414 1784 455 CVII

317 478 544 534 excipiunt,
567 494 613 519 ac
643 487 846 535 praeterea
877 481 1086 522 CXVIII
1119 480 1499 537 interpretationem
1531 481 1610 522 sub
1632 479 1788 536 Chrys-

317 546 485 588 sostomi
504 546 669 588 nomine
689 547 926 590 exhibeant.
987 549 1070 591 Per
1090 547 1280 589 fraudem
1310 563 1407 589 vero
1434 562 1523 589 eam
1554 546 1654 588 huic
1675 547 1787 588 Doc-

315 614 395 656 tori
429 613 680 670 adscriptam
712 630 799 656 esse
836 630 918 657 non
960 615 1181 657 difficulter
1223 624 1526 673 perspexerunt
1557 615 1669 656 naris
1701 630 1785 656 non

316 682 452 724 obesae
465 682 644 739 judices,
665 682 820 739 quibus
840 694 977 724 tamen
998 684 1192 725 omnibus
1211 682 1355 725 eadem
1375 698 1501 740 opera
1527 682 1571 724 in
1601 681 1789 739 germani

319 749 539 806 Scriptoris
558 749 746 791 notitiam
769 750 984 807 pervenire
1004 767 1086 793 non
1106 751 1234 793 licuit.
1297 750 1486 792 Afferam
1510 750 1615 792 hanc
1635 751 1679 792 in
1699 765 1787 792 rem

318 817 529 859 Gerhardi
551 818 802 874 Langbaenii
823 819 964 868 verba,
986 835 1083 876 quae
1103 835 1155 861 ex
1177 818 1400 861 volumine
1423 818 1498 860 XI
1522 817 1788 872 αὐτογράφων

316 886 420 942 erS,
448 885 502 927 de
530 885 685 942 quibus
716 886 945 928 Bodleiana
973 887 1233 929 Bibliotheca
1262 886 1339 928 sibi
1370 886 1621 943 gratulatur,
1643 901 1787 928 excer-

315 969 413 1011 pere
443 969 509 994 me
536 953 634 995 olim
667 970 708 1010 p.
730 968 785 1011 39
814 955 996 998 memini.
1057 961 1068 981 ‘
1089 955 1296 997 Homilias
1328 955 1370 996 in
1402 955 1602 996 Psalmos'
1625 954 1703 1010 (ita
1731 954 1789 996 ait

316 1021 624 1078 Langbaenius)
647 1028 659 1048 6
676 1021 771 1063 licet
797 1037 873 1064 nec
895 1022 1154 1065 Theodoreti
1184 1023 1266 1064 sint
1295 1038 1370 1064 nec
1391 1022 1628 1079 Euthymii,
1652 1022 1789 1079 Chry-

315 1094 328 1114 ‘
350 1099 529 1130 sostomo
550 1099 687 1130 tamen
718 1099 859 1131 nostro
883 1089 1005 1146 plane
1034 1090 1241 1147 abjudico,
1264 1100 1354 1132 tum
1376 1090 1490 1147 quod
1511 1105 1684 1132 aureum
1706 1089 1789 1132 elo-

317 1163 329 1182 ‘
351 1157 534 1213 quentiae
554 1157 710 1199 flumen
731 1169 772 1199 et
791 1158 970 1200 auctoris
1000 1158 1128 1200 nostri
1161 1160 1337 1211 δεινότης
1363 1158 1429 1200 hic
1459 1158 1584 1215 plane
1608 1157 1787 1208 deficiat,

317 1233 327 1247 ⁶
352 1236 439 1267 tum
466 1226 588 1267 etiam
622 1226 736 1282 quod
767 1227 986 1283 Aquilam,
1010 1226 1361 1276 Theodotionem,
1385 1226 1702 1283 Symmachum,
1725 1235 1788 1268 est

317 1300 328 1319 6
353 1294 424 1335 ubi
458 1294 700 1336 nominatim
738 1294 850 1347 citet,
879 1297 995 1352 quod
1032 1295 1332 1352 Chrysostomo
1369 1294 1451 1347 (uti
1489 1293 1643 1336 Savilio
1673 1304 1788 1336 tomo

317 1370 328 1388 ‘
353 1364 482 1405 VIII.
510 1379 552 1420 p.
578 1378 673 1420 130,
705 1374 895 1406 notarum
929 1364 1190 1418 observatur)
1219 1363 1387 1405 omnino
1414 1363 1620 1405 insolens?
1683 1365 1786 1406 Huc

314 1431 484 1483 accedit,
506 1432 621 1488 quod
655 1432 773 1473 nobis
803 1431 1049 1489 palmarium
1072 1442 1145 1483 est,
1169 1433 1266 1473 MS.
1289 1432 1438 1474 veteris
1470 1432 1695 1474 auctoritas
1715 1432 1787 1474 ha-

314 1499 437 1540 betur
468 1499 509 1540 in
545 1499 655 1541 Bibl.
679 1501 880 1541 Cantuar.
912 1500 1018 1541 Cod.
1046 1503 1140 1556 163.
1172 1500 1202 1541 f.
1228 1503 1345 1555 279.)
1380 1500 1421 1541 in
1458 1516 1544 1556 quo
1577 1500 1788 1542 habentur

313 1577 508 1624 excerpta
527 1583 577 1609 ex
601 1567 911 1609 Commentario
933 1567 1219 1625 Chrysostomi
1250 1569 1290 1608 in
1314 1568 1524 1609 Psalmos:
1558 1568 1599 1608 in
1631 1568 1787 1624 quibus

314 1652 411 1692 quae
430 1636 472 1676 in
495 1636 565 1677 Ps.
589 1637 707 1676 CIII
730 1644 771 1677 et
793 1636 911 1678 CIV.
943 1635 1040 1677 inde
1071 1636 1267 1687 citantur,
1287 1651 1382 1677 cum
1404 1635 1468 1677 his
1488 1635 1529 1676 in
1553 1636 1658 1677 Cod.
1682 1637 1784 1678 DN.

315 1705 409 1745 Roe
440 1704 542 1745 nihil
574 1719 745 1760 prorsus
780 1703 933 1745 habent
963 1719 1197 1755 commune,
1218 1703 1280 1745 uti
1301 1719 1376 1745 nec
1407 1719 1503 1745 cum
1527 1703 1786 1745 Theodoreti

315 1772 399 1814 sive
421 1771 643 1828 Euthymii
664 1771 814 1812 alteris.
858 1771 1073 1812 Oculatior
1093 1771 1159 1812 hic
1179 1771 1261 1812 fuit
1282 1771 1470 1813 Mericus
1492 1771 1785 1821 Casaubonus,

315 1856 340 1881 a
363 1840 546 1890 Catenis,
568 1838 802 1880 accuratius
828 1839 1022 1895 inspectis
1049 1838 1235 1895 adiutus.
1296 1838 1381 1880 Hic
1411 1838 1518 1880 enim
1542 1854 1636 1881 cum
1665 1839 1787 1881 intela

315 1905 475 1961 ligeret,
507 1905 789 1962 Euthymium
824 1904 866 1945 in
901 1904 1211 1946 Commentario
1242 1904 1286 1945 in
1318 1905 1521 1956 Psalmos,
1552 1905 1673 1962 cujus
1703 1921 1785 1947 non

316 1988 446 2013 unum
469 1983 603 2014 exstat
621 1973 728 2014 inter
750 1973 890 2014 Codd.
914 1972 1163 2014 Bodleianos
1182 1972 1420 2028 exemplum
1442 1974 1655 2024 Groecum,
1674 1974 1787 2016 locos

315 2040 518 2095 quosdam
552 2041 630 2082 sub
655 2040 857 2097 Hesychii
890 2040 1053 2082 nomine
1085 2040 1245 2090 afferre,
1267 2040 1342 2096 qui
1371 2041 1543 2082 totidem
1577 2042 1713 2083 verbis
1742 2043 1786 2083 in

316 2108 585 2164 expositione,
612 2125 708 2165 quae
740 2109 1040 2165 Chrysostomo
1071 2108 1175 2150 falso
1205 2108 1418 2157 tribuitur,
1451 2119 1662 2164 acceptam
1698 2124 1785 2150 esse

316 2176 586 2218 referendam.
645 2178 698 2217 In
722 2177 982 2218 Bibliotheca
1004 2177 1180 2218 Publica
1201 2176 1531 2233 Cantabrigiensi
1550 2185 1785 2218 asservatur

316 2246 553 2298 ἀπόγραφου
572 2245 701 2300 hujus
723 2244 1034 2296 Commentarii,
1054 2244 1212 2286 laudati
1238 2245 1474 2286 Casauboni
1498 2259 1599 2286 cura
1628 2260 1680 2286 ex
1709 2259 1784 2286 ειη-

316 2312 484 2368 tiquiori
516 2313 672 2354 Codice
704 2314 973 2369 descriptum,
996 2313 1127 2369 quod,
1160 2324 1207 2355 ut
1239 2329 1289 2354 ex
1323 2312 1639 2369 Langbaeniano
1659 2312 1787 2354 Volu-

317 2381 441 2429 mine,
460 2381 581 2436 cujus
613 2381 737 2422 modo
766 2381 843 2422 feci
876 2381 1140 2431 mentionem,
1162 2380 1362 2437 intelligo,
1384 2381 1493 2422 idem
1516 2380 1669 2422 Latina
1689 2380 1787 2422 civi-a

318 2457 401 2488 tate
436 2447 634 2488 donatum
673 2447 714 2488 in
747 2447 954 2504 publicam
993 2449 1124 2489 lucem
1164 2449 1348 2504 proferre
1385 2449 1668 2490 constituerat.
1731 2450 1783 2490 In

316 2514 572 2570 frontispicio
592 2514 701 2555 illius
721 2515 899 2570 exempli
922 2515 1227 2557 Casauboniani
1248 2516 1337 2571 ipsa
1359 2516 1507 2557 Merici
1539 2530 1665 2557 manu
1696 2515 1784 2557 haec

315 2583 555 2638 consignata
588 2582 796 2638 legebam:
830 2588 842 2606 6
862 2585 995 2624 Verus
1018 2586 1181 2624 Auctor
1211 2583 1339 2639 hujus
1369 2585 1575 2637 ἑρμηνείας
1604 2594 1665 2625 est
1696 2586 1785 2626 He-

318 2656 329 2674 ‘
351 2649 530 2706 sychius,
555 2650 633 2699 vel,
658 2660 703 2691 ut
724 2650 790 2691 alii
812 2651 1011 2701 scribunt,
1037 2652 1242 2707 Isychius,
1260 2652 1292 2692 si
1314 2651 1549 2708 Euthymio
1569 2652 1786 2707 Zigabeno

320 2724 330 2742 6
355 2718 468 2766 fides,
492 2718 565 2773 qui
596 2733 677 2759 non
712 2734 843 2774 pauca
875 2735 924 2760 ex
958 2719 1028 2760 illo
1063 2719 1209 2773 passim
1242 2720 1415 2775 profert,
1438 2730 1480 2761 et
1509 2735 1604 2760 eum
1639 2720 1680 2761 in
1713 2721 1782 2762 Ps.

319 2791 329 2809 ‘
354 2786 687 2827 LXXXVIII.
714 2801 777 2842 13,
816 2788 911 2829 satis
941 2787 1148 2844 prolixum
1184 2803 1236 2829 ex
1276 2788 1346 2829 illo
1382 2788 1518 2830 locum
1559 2788 1783 2839 adducens,

321 2859 332 2877 6
354 2854 506 2895 diserte
529 2855 742 2896 nominat.'

327 2954 332 2958 .
377 2927 407 2948 “
432 2921 536 2972 Quis
565 2932 703 2964 autem
737 2923 992 2980 Hesychius,
1016 2925 1241 2981 Presbyter
1263 2924 1686 2981 Hierosolymitanus,
1711 2923 1784 2978 (de
