1904 3398
580 601 823 665 PRAE
848 601 1224 666 FATIO.

169 868 596 958 ANTEQUAM
637 904 696 950 de
736 905 793 951 iis
827 921 935 966 quae
976 904 1026 950 in
1065 903 1156 950 hoc
1194 901 1456 950 Volumine
1493 901 1644 947 eonti-

169 990 354 1039 nentur,
379 992 429 1031 et
465 988 593 1033 unde
624 994 814 1049 sumpta
851 989 959 1043 sint,
998 987 1250 1033 Lectorem
1288 1000 1521 1038 moneam,
1546 1000 1642 1030 non

169 1067 538 1129 inopportunum
578 1071 780 1126 videtur,
821 1071 871 1116 in
918 1072 1020 1132 ipso
1069 1071 1216 1116 totius
1265 1069 1418 1129 operis
1461 1067 1641 1123 limine,

169 1150 296 1210 quod
333 1151 605 1199 Graecorum
641 1153 839 1202 Patrum
876 1153 1338 1200 Commentariorum
1376 1151 1559 1212 Corpus
1593 1151 1643 1196 in

171 1233 367 1280 Novum
407 1235 766 1283 Testamentum
804 1236 1064 1298 nuncupari
1105 1241 1277 1297 potest,
1313 1235 1534 1296 quaedam
1582 1235 1642 1280 de

167 1316 436 1377 hujusmodi
462 1317 664 1366 Scholiis
695 1321 794 1366 sive
819 1320 1012 1366 Catenis
1036 1320 1086 1364 in
1108 1334 1282 1380 genere
1307 1318 1450 1364 verba
1473 1318 1640 1364 faeere.

168 1399 297 1455 Quid
321 1406 483 1447 autem
506 1401 594 1449 hae
617 1403 667 1448 in
690 1408 824 1464 parte
848 1403 1144 1449 elaboratum
1168 1403 1230 1448 sit
1265 1403 1378 1448 satis
1413 1417 1642 1462 exposue-

167 1490 279 1530 runt
305 1484 546 1532 Fabricius
568 1486 617 1532 in
642 1486 942 1532 Bibliotheca
971 1485 1138 1532 Graeca
1167 1486 1219 1531 Τ.
1245 1485 1364 1532 VII.
1390 1501 1435 1546 p.
1454 1488 1485 1536 7
1489 1488 1567 1535 27.
1593 1491 1642 1529 et

169 1581 264 1628 seq.
318 1567 433 1615 Vet.
476 1568 564 1616 Ed.
606 1569 658 1615 T.
696 1569 843 1616 VIII.
885 1586 929 1631 p.
963 1569 1074 1621 637.
1122 1570 1210 1615 Ed.
1249 1569 1436 1615 Harles.
1473 1568 1641 1614 Thom.

169 1647 363 1712 Ittigius
386 1651 609 1699 Tractatu
633 1654 692 1699 de
716 1653 945 1700 Biblioth.
970 1659 1020 1699 et
1044 1653 1236 1700 Catenis
1262 1652 1473 1698 Patrum.
1511 1651 1638 1712 Lips.

169 1737 236 1779 8⁰.
257 1737 401 1785 1707.
443 1735 691 1782 Walchius
714 1736 942 1783 Biblioth.
968 1737 1221 1783 Patristica
1243 1735 1358 1796 Cap.
1384 1734 1479 1781 III.
1506 1732 1542 1798 §.
1565 1737 1641 1785 17.

166 1833 213 1878 p.
234 1820 512 1869 193—198.
583 1818 659 1864 De
693 1819 903 1865 utilitate
940 1825 1103 1865 autem
1144 1825 1193 1864 et
1229 1819 1387 1864 fructu
1427 1824 1477 1863 et
1521 1832 1642 1877 prae-

167 1901 345 1946 stantia
385 1901 649 1948 istiusmodi
699 1918 895 1963 operum
940 1904 1240 1964 potissimum
1282 1903 1642 1962 disputaverunt

168 1983 397 2031 Ricardus
423 1985 589 2032 Simon
611 1987 660 2032 in
686 1985 899 2032 Historia
923 1987 1099 2033 Critiea
1129 1987 1475 2047 praecipuorum
1501 1984 1643 2030 Com-

166 2075 488 2115 mentatorum
522 2071 572 2116 in
608 2070 737 2116 Novi
774 2070 984 2116 Foederis
1027 2070 1195 2116 Libros
1236 2069 1350 2130 Cap.
1376 2068 1549 2114 XXX.
1592 2074 1642 2114 et

167 2166 262 2212 seq.
286 2168 331 2213 p.
352 2155 464 2199 422.
497 2159 547 2200 et
578 2154 944 2215 Christophorus
969 2146 1177 2199 Wolfius
1211 2153 1260 2197 in
1297 2151 1642 2197 Dissertatione

167 2230 228 2276 de
252 2230 444 2277 Catenis
480 2231 753 2278 Graecorum
789 2232 1000 2285 Patrum‚
1026 2232 1176 2291 iisque
1207 2230 1507 2291 potissimum
1534 2228 1644 2274 Ma-

166 2313 431 2374 nuscriptis.
502 2315 677 2362 Prioris
701 2315 877 2378 egregii
902 2314 1009 2362 Viri
1043 2312 1487 2374 praestantissimum
1523 2326 1641 2372 opus

167 2396 386 2442 omnibus
421 2403 588 2443 notum
612 2403 698 2452 est,
723 2404 772 2443 et
797 2397 955 2443 Sacrae
978 2395 1248 2456 Theologiae
1280 2394 1515 2440 Studiosis
1538 2394 1643 2439 ubi-

166 2494 260 2539 que
295 2480 406 2525 satis
441 2480 648 2526 obvium.
723 2481 889 2527 Wolfii
923 2485 1086 2526 autem
1118 2484 1349 2524 tractatus
1380 2479 1483 2538 jam
1516 2478 1642 2524 inter

166 2562 362 2608 rariores
398 2562 566 2609 Libros
605 2569 895 2618 numeratur,
931 2564 1049 2609 adeo
1086 2568 1142 2607 ut
1177 2561 1252 2607 vel
1287 2562 1336 2606 in
1369 2561 1640 2621 locupletis-

167 2645 297 2691 simis
332 2645 642 2693 Bibliothecis
678 2648 983 2694 desideretur.
1054 2645 1177 2692 Cum
1219 2644 1267 2689 id
1308 2645 1375 2689 ita
1415 2644 1489 2696 sit,
1525 2648 1575 2688 et
1611 2659 1639 2689 a

167 2727 268 2772 viro
292 2733 342 2773 et
366 2728 579 2775 doctrina
609 2736 658 2775 et
684 2731 866 2791 judicio
902 2735 1114 2790 spectato
1150 2729 1350 2787 scriptus
1374 2726 1448 2780 sit,
1473 2731 1522 2771 et
1557 2726 1638 2786 qui

161 2811 228 2871 ¹ad
259 2810 397 2873 hujus
430 2813 616 2873 generis
647 2812 1024 2859 Commentarios
1059 2811 1270 2857 animum
1302 2809 1534 2869 praeoipue
1558 2810 1639 2855 ad-

167 2899 386 2947 verterat,
423 2909 596 2955 eosque
630 2896 768 2941 variis
800 2895 850 2940 in
891 2893 1201 2941 Bibliotheeis
1237 2892 1489 2953 diligenter
1527 2907 1639 2937 oon-

159 2976 422 3036 -quisiverat
457 2982 506 3024 et
546 2978 798 3032 evolverat,
838 2993 916 3024 me
952 2992 1052 3023 rem
1093 2975 1219 3023 haud
1259 2976 1492 3037 ingratam
1526 2975 1638 3021 viris

865 3077 893 3107 a
917 3065 947 3107 2
