1884 3392
251 220 292 261 iv
797 215 944 257 PRAE
957 214 1186 256 FATIO.

257 335 504 382 Sacrarum
546 333 813 378 Literarum
855 330 1088 376 Studiosis
1127 329 1404 375 moliturum
1445 342 1562 384 esse,
1603 328 1724 373 arbi-

258 423 410 464 tratus
444 431 561 469 sum,
586 415 623 461 si
648 430 704 461 ea
726 430 832 475 quae
857 414 906 459 in
928 413 1151 474 praedicto
1176 412 1342 458 Wolfii
1377 411 1552 466 libello,
1575 412 1725 473 magis

260 515 321 545 ex
367 514 418 544 re
462 498 579 544 mihi
621 499 720 543 visa
763 497 952 551 fuerint,
993 497 1167 542 iterum
1199 496 1322 556 typis
1363 495 1725 541 committerem.

261 582 478 642 AdJectis
501 586 666 641 postea
688 581 747 625 ad
783 580 927 624 finem
963 594 1126 624 eorum
1151 593 1253 638 quae
1276 592 1309 622 a.
1328 577 1467 622 docto
1493 576 1612 623 Viro
1636 577 1728 622 dis-

262 670 430 726 putata
464 669 586 716 sunt,
611 664 668 708 iis
703 678 809 723 quae
849 663 949 723 ipse
990 662 1039 707 in
1081 662 1246 707 eadem
1284 660 1482 705 materie
1522 660 1730 705 notanda

264 748 480 802 habeam,
507 753 737 807 quatenus
761 747 820 792 ad
855 761 932 791 eas
955 745 1251 806 potissimum
1275 743 1478 789 Catenas
1514 748 1730 802 spectent

267 845 373 890 quae
397 830 446 874 in
473 829 601 875 Novi
627 828 835 874 Foederis
858 827 1015 882 libros,
1040 827 1137 873 sive
1167 827 1303 872 editae
1328 827 1424 871 sive
1459 826 1647 872 ineditae
1672 826 1731 871 ad

266 919 475 960 nostram
499 928 646 973 usque
671 917 860 958 aetatem
885 912 1169 958 duraverint.

268 1078 348 1125 Jo.
375 1076 741 1139 Christophorus
786 1076 977 1139 Wolfius
1010 1073 1299 1123 Exercitatio
1335 1075 1384 1120 in
1421 1073 1617 1122 Catenas
1638 1073 1737 1119 Pa-

338 1161 459 1202 trum
497 1154 650 1201 Groec.
689 1170 850 1217 easque
877 1152 1167 1215 potissimum
1198 1152 1349 1200 MSS.
1398 1156 1498 1198 4to.
1549 1151 1739 1198 Witem-

339 1234 488 1297 beryae
514 1235 658 1284 1712.

331 1337 359 1357 “
383 1332 583 1373 Catenam
607 1331 782 1371 Patrum
803 1328 954 1370 eruditi
974 1328 1183 1385 appellare
1203 1327 1334 1369 solent
1361 1326 1504 1368 seriem
1526 1325 1737 1383 quandam

274 1397 677 1455 interpretationum,
711 1412 762 1438 ex
798 1397 1052 1438 diversorum
1090 1396 1289 1438 Ecclesiae
1326 1396 1487 1437 Graecae
1522 1395 1740 1436 Latinaeve

276 1468 512 1508 Doctorum
543 1465 718 1522 scriptis,
739 1480 764 1506 a
785 1464 1054 1521 scriptoribus
1077 1479 1187 1505 nunc
1207 1463 1451 1520 antiquioris
1470 1479 1582 1505 nunc
1601 1477 1741 1504 recen-

275 1533 390 1576 tioris
420 1533 644 1584 memoriae,
677 1532 736 1573 ita
768 1541 1001 1574 contextam
1037 1542 1079 1573 et
1108 1532 1226 1588 quasi
1257 1532 1505 1588 colligatam,
1539 1541 1587 1573 ut
1616 1531 1741 1573 variae

276 1600 491 1644 sententiae
530 1600 583 1641 de
622 1599 765 1641 eodem
808 1608 1010 1641 commate
1044 1599 1257 1642 divinioris
1290 1599 1505 1657 scripturae
1538 1599 1741 1654 interpre-

277 1669 407 1712 tando
447 1684 532 1710 uno
573 1676 794 1723 conspectu
842 1666 995 1724 legenti
1041 1667 1328 1709 exhibeantur.
1403 1666 1571 1709 Primus
1615 1665 1744 1722 hujus

278 1736 457 1779 instituti
503 1737 669 1777 Auctor
712 1735 913 1776 dicendus
953 1745 1040 1777 erat
1085 1736 1411 1793 Olympiodorus
1442 1734 1744 1777 Alexandrinae

280 1804 480 1847 Ecclesiae
520 1802 750 1853 Diaconus,
790 1802 822 1844 si
862 1802 966 1844 fides
1003 1803 1146 1845 haberi
1190 1814 1327 1861 posset
1358 1803 1492 1845 Paulo
1523 1802 1746 1853 Comitolo,

280 1873 355 1929 qui
377 1874 576 1914 Catenam
599 1871 641 1912 in
672 1871 849 1922 Jobum,
872 1886 897 1912 a
926 1872 1055 1913 Laur.
1080 1887 1175 1913 cum
1209 1873 1304 1914 Deo
1330 1871 1509 1928 primum
1540 1870 1745 1928 Lugduni

283 1941 394 1996 1586
415 1939 584 1989 editam,
606 1954 701 1981 cum
723 1939 871 1995 amplis
891 1939 1190 1982 accessionibus
1210 1940 1354 1981 Venet.
1376 1955 1442 1981 an.
1460 1939 1583 1994 1587,
1604 1952 1748 1979 secun-

280 2008 382 2050 dum
416 2006 618 2064 vulgavit,
640 2017 682 2048 et
713 2007 767 2048 ab
803 2007 1105 2064 Olympiodoro
1136 2017 1383 2061 contextam·
1401 2023 1487 2048 esse
1507 2006 1747 2048 arbitratur.

283 2076 429 2133 Hujus
456 2090 553 2116 vero
585 2074 781 2116 Doctoris
807 2083 907 2117 aetas
939 2075 1069 2117 dubia
1099 2075 1183 2117 huc
1211 2075 1313 2116 dum
1345 2075 1432 2116 visa
1464 2085 1526 2116 est
1557 2073 1747 2123 eruditis,

284 2154 332 2186 ut
365 2153 585 2201 propterea
612 2142 676 2184 Cl.
699 2143 854 2185 Cavius
873 2145 1033 2185 Rerum
1064 2143 1445 2186 Ecclesiasticarum
1476 2142 1749 2199 peritissimus

285 2222 414 2254 stator
452 2221 579 2268 atque
619 2210 788 2261 vindex,
827 2213 953 2254 Parte
983 2213 1020 2254 1.
1056 2212 1257 2254 Historiae
1289 2211 1507 2254 Literariae
1538 2211 1590 2253 ad
1621 2212 1679 2252 A.
1698 2212 1749 2253 C.

285 2295 369 2337 990
405 2280 581 2322 candide
615 2279 713 2322 item
754 2280 1000 2337 profiteatur
1038 2280 1102 2322 his
1139 2280 1307 2322 omnino
1337 2280 1496 2321 verbis:
1541 2284 1554 2304 ‘
1575 2278 1628 2321 de
1660 2278 1751 2335 ejus

285 2354 297 2373 ⁶
319 2358 441 2390 aetate
468 2348 656 2390 laborant
686 2348 854 2399 eruditi,
877 2347 941 2389 his
967 2347 1084 2389 illum
1117 2349 1279 2389 Saeculo
1299 2348 1350 2389 V.
1383 2347 1472 2389 aliis
1502 2348 1594 2389 XI.
1627 2346 1751 2389 collo-

286 2420 298 2440 ‘
319 2415 526 2457 cantibus.
601 2416 691 2456 Nos
726 2431 819 2457 eum
860 2415 938 2458 hoc
974 2416 1063 2457 loco
1097 2415 1343 2473 deponimus
1374 2416 1426 2457 ad
1459 2430 1613 2457 annum
1651 2428 1750 2470 990,

284 2486 297 2507 ‘
317 2482 449 2524 donec
483 2494 696 2538 exsurgat,
730 2483 803 2539 qui
839 2483 1014 2525 certiora
1051 2483 1222 2525 doceat.'
1298 2485 1388 2525 Nec
1422 2483 1557 2524 defuit
1595 2482 1668 2539 qui
1707 2482 1749 2523 id

286 2559 516 2606 praestaret,
538 2560 593 2600 et,
616 2551 646 2592 si
676 2550 777 2606 quid
812 2551 944 2602 video,
966 2567 1053 2592 rem
1085 2552 1303 2593 obscuram
1333 2566 1414 2592 non
1442 2550 1659 2592 infeliciter
1682 2565 1753 2591 ex-

287 2617 462 2674 pediret.
525 2618 596 2658 Jo.
623 2618 845 2659 Ernestius
881 2618 1065 2660 Grabius
1100 2619 1223 2669 enim,
1257 2634 1382 2675 quem
1412 2619 1636 2660 immaturo
1665 2618 1754 2665 fato

287 2694 476 2741 ereptum
510 2684 666 2736 dolent,
699 2685 771 2741 qui
799 2685 956 2742 aliquid
995 2686 1059 2728 his
1091 2686 1219 2728 literis
1252 2687 1456 2737 tribuunt,
1488 2686 1529 2728 in
1563 2688 1671 2729 notis
1699 2687 1754 2744 ad

290 2753 415 2794 Tom.
439 2753 505 2794 11.
543 2753 750 2810 Spicilegii
784 2754 959 2795 Patrum
990 2769 1032 2810 p.
1058 2767 1137 2809 245
1171 2754 1321 2796 idoneo
1351 2766 1599 2811 argumento
1632 2755 1755 2796 efficit

288 2827 336 2860 ut
369 2818 598 2871 credamus,
633 2820 982 2878 Olympiodorum
1018 2823 1179 2864 Saeculo
1209 2823 1260 2864 V.
1292 2822 1357 2864 vel
1399 2824 1474 2865 VI.
1513 2832 1606 2879 post
1637 2837 1753 2879 repa-

288 2897 419 2929 ratam
442 2888 632 2940 salutem,
653 2889 794 2946 aliquo
813 2901 909 2931 ante
931 2891 1198 2932 Anastasium
1223 2891 1533 2933 Antiochenum
1557 2891 1753 2947 tempore,

289 2956 410 3012 cujus
441 2964 541 2998 aetas
574 2956 685 2998 haud
719 2956 847 2998 dubie
878 2957 918 2998 in
954 2959 1055 2999 Saec.
1078 2959 1155 2999 VI.
1180 2958 1360 2999 medium
1392 2958 1549 3009 incidit,
1570 2958 1755 3000 Alexan·-
