1884 3392
671 234 1065 276 PRAEFATIO.
1553 247 1609 273 xv

132 353 346 412 quamvis
368 352 418 396 in
441 351 646 396 eundem
665 350 824 397 Sacrae
844 349 1100 410 Scripturae
1119 349 1318 395 Librum
1342 354 1607 403 contextas,

132 435 213 480 vix
233 436 348 480 duas
369 435 595 488 invenies,
611 450 714 494 quae
732 434 926 480 omnino
943 434 1032 479 sibi
1050 434 1254 479 invicem
1279 432 1608 493 respondeant.

133 517 242 564 Hoc
265 518 473 564 maxime
496 518 706 563 cernitur
727 517 776 561 in
800 532 858 562 ea
881 515 1342 561 Commentariorum
1367 515 1528 561 Classe
1559 515 1610 559 in

132 599 296 646 Sancti
321 599 458 645 Pauli
490 598 728 660 Epistolas
763 614 867 658 quae
902 597 1044 659 vulgo
1077 597 1359 643 OEcumenio
1393 597 1611 643 tribuun-

130 689 222 737 tur,
247 688 298 729 et
321 698 522 743 quorum
554 683 720 744 ingens
744 682 975 728 Codicum
1010 697 1236 727 numerus
1269 682 1319 726 in
1354 680 1493 726 variis
1528 680 1610 725 ad-

131 772 343 812 servatur
365 765 693 811 Bibliothecis.
770 764 959 810 Horum
984 763 1448 810 Commentariorum
1470 762 1608 816 basis,

130 854 186 895 ut
208 849 277 895 ita
300 850 468 903 dicam,
484 854 558 894 est
571 847 859 893 Theodoreti
883 848 1131 909 expositio,
1147 848 1198 892 in
1220 846 1437 893 breviora
1462 845 1610 892 Scho-

130 931 195 977 lia
226 932 431 985 redacta,
464 931 634 991 quibus
669 930 834 976 multis
868 931 918 976 in
952 930 1068 976 locis
1105 930 1320 976 subnexa
1356 934 1429 975 est
1466 929 1611 975 (Ecu-

129 1014 277 1060 menii
312 1013 656 1074 interpretatio,
681 1028 785 1073 quae
822 1018 871 1059 et
911 1013 1014 1073 ipsa
1053 1013 1278 1059 continua
1312 1012 1418 1067 fuit,
1454 1012 1607 1066 credo,

131 1097 254 1142 sicut
290 1112 347 1142 ea
382 1112 485 1157 quae
525 1097 575 1141 in
615 1093 938 1156 Apocalypsin
964 1095 1068 1156 jam
1103 1094 1244 1141 edidi.
1318 1094 1411 1141 His
1444 1100 1611 1155 postea

130 1179 326 1239 adjectae
359 1184 470 1225 sunt
499 1179 550 1223 in
579 1177 791 1239 margine
829 1177 1029 1222 aliorum
1054 1176 1252 1223 Patrum
1278 1177 1515 1239 Symbolae
1549 1179 1609 1224 ad

131 1260 182 1308 S.
204 1259 428 1322 Apostoli
466 1261 622 1314 verba,
656 1259 892 1306 Gennadii
927 1275 1114 1321 nempe,
1152 1260 1410 1316 Methodii,
1445 1260 1609 1322 Cyrilli

130 1349 182 1391 et
203 1339 417 1391 aliorum.
467 1343 641 1389 Prioris
665 1348 816 1389 status
840 1343 1116 1404 exemplum
1139 1344 1318 1404 praebet
1342 1343 1610 1403 antiquissi-

130 1440 236 1472 mus
271 1426 437 1472 Codex
473 1426 610 1472 Bodl.
636 1426 740 1472 Roe
767 1425 845 1472 16.
880 1427 940 1472 de
975 1442 1069 1487 quo
1106 1427 1205 1488 agit
1231 1426 1441 1472 Wolfius
1463 1441 1509 1486 p.
1530 1429 1608 1476 17.

130 1509 204 1555 Cf.
240 1509 376 1556 Fabr.
414 1510 538 1555 Bibl.
577 1510 660 1557 Gr.
701 1516 736 1556 t.
763 1510 883 1558 VII.
924 1527 969 1571 p.
1002 1514 1116 1563 790.
1210 1510 1418 1557 Secundi
1464 1510 1609 1556 fidem

131 1592 246 1638 facit
280 1593 396 1639 Cod.
422 1593 559 1639 Bodl.
593 1591 739 1639 Auct.
764 1593 816 1638 T.
844 1596 887 1639 l.
914 1596 958 1644 7.
996 1593 1109 1639 olim
1147 1593 1445 1639 Meermann.
1481 1592 1610 1638 idem

132 1680 182 1720 et
224 1674 613 1735 ‘Antiquissimus,
666 1692 777 1721 nam
830 1677 1005 1722 decimi
1053 1676 1210 1724 saeculi
1259 1691 1360 1722 esse
1407 1675 1609 1720 videtur.

132 1757 209 1803 Ibi
243 1757 447 1818 plurima
482 1759 807 1805 additamenta
848 1759 940 1805 oris
980 1758 1088 1805 libri
1128 1759 1364 1819 adscripta
1395 1763 1506 1822 sunt
1547 1771 1608 1803 ex

132 1840 189 1886 iis
230 1840 451 1887 Patribus
485 1843 566 1901 qui
602 1857 742 1902 supra
774 1843 1023 1888 memorati
1060 1846 1186 1887 sunt.
1268 1840 1383 1886 Alia
1418 1841 1610 1901 insuper

132 1923 250 1969 dant
287 1925 572 1971 recentiores
613 1925 832 1979 Codices,
855 1930 910 1970 ut
953 1924 1115 1970 Photii
1154 1924 1372 1985 plurima,
1414 1939 1518 1984 quae
1557 1923 1608 1968 in

132 2005 288 2052 Editis
310 2006 580 2053 OEcumenii
612 2007 978 2054 Commentariis
1014 2012 1303 2068 comparent,
1339 2006 1389 2052 in
1423 2006 1609 2052 duobus

130 2094 291 2135 autem
317 2089 570 2136 Codicibus
603 2091 838 2151 praedictis
861 2106 957 2136 non
979 2092 1113 2136 item.
1184 2088 1309 2135 Sunt
1333 2094 1382 2135 et
1406 2088 1486 2135 alii
1509 2104 1610 2134 rur-

131 2186 208 2218 sus
231 2173 312 2218 ubi
336 2173 588 2234 saepissime
612 2173 786 2219 citatur
810 2173 1054 2235 Origenes,
1078 2174 1147 2219 ita
1169 2179 1225 2218 ut
1248 2173 1349 2233 ejus
1372 2172 1608 2232 expositio

131 2254 279 2300 totius
302 2255 494 2301 Catenae
516 2270 639 2316 pene
662 2255 836 2301 fundus
861 2271 963 2302 esse
987 2256 1218 2302 videatur.

192 2336 329 2383 Idem
353 2338 568 2384 obtinere
592 2339 732 2384 credo
756 2339 806 2384 in
829 2339 886 2384 iis
910 2338 1209 2399 Antiquior-is
1232 2339 1389 2383 aetatis
1414 2336 1608 2383 Catenis

131 2434 234 2478 quae
251 2419 301 2464 in
317 2419 578 2481 Evangelia
600 2426 838 2466 contextae
861 2426 986 2467 sunt.
1040 2420 1100 2465 In
1118 2420 1336 2466 omnibus
1355 2434 1470 2480 quas
1494 2419 1610 2465 mihi

131 2502 362 2562 inspicere
377 2503 578 2564 contigit
595 2504 723 2549 idem
742 2509 815 2549 est
832 2503 1018 2557 fundus,
1034 2503 1083 2548 in
1099 2502 1148 2548 S.
1158 2501 1448 2548 Matthaeum
1463 2501 1612 2562 Chry-

131 2584 323 2629 sostomi
351 2586 742 2640 commentarius3
779 2583 975 2631 diversis
998 2590 1162 2631 autem
1185 2585 1387 2630 aliorum
1412 2584 1611 2630 Patrum

133 2667 372 2727 symbolis,
396 2669 590 2715 diversae
624 2669 818 2715 abeunt.
888 2669 948 2714 In
973 2668 1022 2715 S.
1043 2668 1279 2722 Marcum,
1305 2667 1612 2714 Commenta-

131 2748 230 2794 rius
251 2748 332 2795 ille
355 2751 437 2810 qui
461 2751 603 2813 vulgo
629 2751 816 2798 Victori
840 2750 1146 2796 Antiocheno
1170 2749 1423 2804 tribuitur3
1454 2751 1537 2796 sed
1561 2757 1611 2795 et

130 2830 209 2876 hic
244 2831 446 2891 plurima
480 2839 554 2879 est
590 2834 820 2880 Codicum
858 2834 1073 2879 varietas.
1147 2832 1206 2877 In
1236 2832 1284 2878 S.
1306 2832 1501 2887 Lucam,
1526 2848 1610 2878 ex-

131 2913 302 2973 positio
341 2931 444 2975 quae
484 2916 579 2962 Titi
618 2916 885 2962 Bostrensis
926 2930 1102 2962 nomen
1143 2931 1237 2976 prae
1277 2931 1328 2962 se
1368 2917 1474 2971 fert,
1500 2931 1609 2962 cum
