1864 3380
292 224 395 268 xxiv
843 222 880 263 P
889 221 990 263 RAE
1001 222 1130 263 FAT
1140 222 1161 263 1
1173 223 1227 264 Ο.

295 345 322 364 “
345 343 446 385 13111
470 336 717 383 confirmat
739 335 845 382 haec
869 334 1071 382 Librarii
1099 341 1213 381 nota
1235 334 1315 381 fol.
1337 338 1447 382 112.
1480 333 1664 397 ἑρμηνεία
1697 339 1766 382 τοῦ

293 426 322 447 “
346 419 454 467 κατὰ
473 422 681 466 Ματθαῒον
706 413 962 480 Εὖαγγελιόυ
986 416 1023 463 ἐν
1046 416 1229 481 ἐπιτομῇ·
1256 416 1416 479 ἐγράφη
1440 415 1482 463 δὲ
1505 415 1550 463 τὸ
1578 415 1767 478 Εὐαγγέ-

295 507 322 527 “
349 510 431 547 >nov
466 499 584 547 ἐκεῖνο
617 499 674 551 εἷς
702 497 747 546 τό
772 499 1087 563 Πατριάρχειον,
1111 495 1175 545 ἐπὶ
1199 498 1369 562 Σεργιόυ
1391 503 1461 546 τοῦ
1485 499 1764 562 Πατριάρχου.
1841 536 1851 545 .

295 589 321 609 “
347 583 463 629 Non
498 583 626 629 enim
660 582 779 629 alius
805 582 883 628 hic
906 582 1108 644 intelligi
1131 588 1291 644 potest
1315 598 1456 644 quam
1482 582 1672 644 Sergius
1698 581 1765 628 II.

295 671 322 691 “
346 665 426 725 qui
462 665 551 711 sub
573 665 718 712 finem
743 664 899 711 saeculi
923 665 989 712 X.
1016 670 1065 711 et
1088 666 1278 712 initium
1302 665 1395 711 XI.
1432 665 1768 711 Constantino-

294 752 322 772 “
345 746 606 807 politanam
630 747 791 793 sedem
814 746 1010 792 tenuit.'’

361 828 503 884 Quod
526 834 688 874 autem
712 829 771 874 ad
791 827 1198 876 Commentarium
1223 830 1546 892 Chrysostomi
1569 835 1765 891 spectat,

294 912 375 973 qui
409 912 549 973 hujus
584 911 776 958 Catenae
810 911 983 958 fundus
1018 917 1103 965 681,
1136 918 1507 973 caeterorumque
1539 913 1766 967 omnium,

293 1000 350 1040 ut
374 995 551 1056 opinor,
576 995 624 1039 in
658 994 706 1039 8.
731 994 952 1040 Matthaei
978 993 1305 1055 Evangelium,
1330 999 1401 1040 est
1426 994 1648 1055 Synopsis
1683 1000 1767 1040 aut

295 1077 519 1137 Epitome
543 1077 643 1136 ejus
664 1075 982 1122 Homiliarum
1001 1077 1051 1122 in
1069 1092 1178 1123 eum
1205 1077 1571 1138 Evangelistam,
1592 1077 1651 1122 de
1675 1092 1768 1137 qua

295 1157 533 1205 Henricus
552 1158 755 1205 Savilius
773 1158 822 1203 in
839 1158 964 1204 notis
982 1159 1042 1204 ad
1061 1158 1298 1220 Chrysost.
1318 1164 1353 1204 t.
1371 1159 1517 1206 VIII.
1541 1174 1586 1220 p.
1604 1161 1715 1205 215.
1740 1173 1768 1204 3

295 1241 510 1288 Fabricio
535 1242 708 1288 citatus
726 1240 851 1288 Bibl.
872 1241 954 1287 Gr.
979 1246 1014 1286 t.
1035 1241 1154 1288 VII.
1178 1257 1223 1302 p.
1238 1244 1349 1293 779.
1405 1240 1523 1286 Haec
1544 1240 1767 1301 Epitome

295 1324 465 1371 Graece
500 1324 729 1371 hactenus
765 1323 923 1370 lucem
963 1339 1058 1369 non
1100 1325 1232 1378 vidit,
1267 1323 1438 1369 Latine
1473 1323 1626 1369 solum
1661 1338 1768 1370 eam

295 1407 440 1452 vertit
485 1412 535 1453 et
581 1406 792 1468 vulgavit
839 1405 1203 1466 Christophorus
1243 1405 1509 1467 Serrarigus
1547 1405 1768 1453 Venetiis

298 1490 442 1543 1554,
483 1489 616 1549 cujus
661 1488 812 1534 versio
859 1487 1063 1548 repetita
1102 1493 1174 1533 est
1215 1489 1265 1533 in
1306 1487 1479 1534 Latina
1516 1487 1605 1533 Ed.
1642 1486 1766 1548 Opp.

295 1570 458 1631 Chrys.
484 1570 629 1616 Paris.
651 1573 780 1616 1588
805 1569 884 1615 fol.
911 1575 945 1615 t.
966 1570 1032 1616 ΙΙ.
1057 1586 1102 1631 p.
1121 1574 1267 1617 1151.
1330 1570 1405 1617 Ι)6
1428 1571 1517 1617 1136
1542 1570 1767 1632 Epitome

294 1659 457 1700 autem
481 1654 547 1699 sic
569 1654 668 1715 agit
691 1654 740 1699 in
762 1654 1033 1714 praefatione
1059 1653 1339 1714 Serrarigus.

363 1742 391 1762 ‘⁶
417 1736 504 1782 Est
527 1742 690 1782 autem
726 1735 786 1781 D.
810 1735 843 1782 J
846 1736 1008 1781 oannis
1032 1734 1354 1795 Chrysostomi
1377 1735 1427 1780 in
1453 1735 1766 1796 Evangelium

294 1826 322 1846 “
347 1819 396 1866 8.
417 1819 641 1866 Matthaei
671 1819 826 1865 brevis
861 1818 1109 1871 6113113110,
1134 1833 1161 1863 6
1198 1818 1386 1879 copioso
1424 1818 1506 1864 illo
1535 1819 1767 1865 bonorum

295 1908 322 1927 “
350 1902 562 1947 omnium
586 1901 761 1948 Thasso
785 1906 928 1961 atque
954 1899 1231 1961 Myrmecia,
1257 1901 1445 1947 sinuoso
1467 1901 1660 1961 inquam
1683 1900 1767 1947 illo

296 1991 323 2010 ‘⁶
346 1984 396 2029 in
420 1983 708 2029 Matthaeum
733 1982 1007 2036 Volumine,
1033 1981 1244 2036 collecta,
1268 1998 1323 2028 ac
1348 1983 1516 2028 eodem
1539 1982 1766 2028 idiomate

297 2072 323 2092 “
347 2072 397 2112 et
420 2081 558 2113 sensu
586 2066 635 2111 in
676 2066 1063 2126 compendiosum
1098 2065 1368 2125 hujusmodi
1401 2067 1592 2113 redacta
1631 2065 1766 2112 libel-

297 2155 323 2174 “
347 2147 460 2202 lum,
484 2148 699 2194 futurum
724 2146 970 2208 Evangelii
994 2148 1213 2193 studiosis
1237 2163 1377 2208 quam
1408 2150 1616 2195 maxime
1638 2164 1766 2195 com-

297 2237 323 2256 “
346 2232 554 2285 modum,
580 2231 660 2292 qui
695 2231 913 2276 manibus
947 2235 997 2276 et
1033 2230 1138 2276 sinu
1169 2236 1394 2292 gestetur,
1418 2237 1675 2292 noctesque
1709 2248 1765 2278 ac

296 2321 322 2341 “
347 2316 445 2361 dies
490 2315 707 2376 gentium
747 2314 924 2374 ubique
965 2319 1191 2369 versatus,
1222 2314 1523 2376 Evangelicae
1559 2315 1765 2361 historiae

296 2403 325 2423 “
351 2413 540 2443 sensum
575 2396 903 2443 candidissime
936 2396 1205 2458 patefaciat.
1276 2396 1432 2451 Quam
1456 2412 1567 2444 sane
1590 2398 1671 2458 qui
1693 2412 1766 2443 16-

296 2485 324 2504 “
349 2479 532 2539 degerit
565 2493 661 2524 non
695 2478 951 2524 admodum
985 2483 1184 2532 constat,
1209 2494 1318 2525 cum
1352 2479 1592 2540 inscriptio
1617 2479 1764 2541 Chry-

297 2568 323 2587 “
347 2567 609 2608 sostomum
632 2566 874 2607 auctorem
897 2565 1085 2607 tantum
1109 2562 1331 2622 praedicet
1353 2577 1407 2608 ac
1438 2577 1532 2623 prae
1555 2577 1605 2608 86
1628 2563 1762 2609 ferat.

297 2650 323 2669 “
349 2643 572 2704 Suspicor
618 2648 781 2689 autem
832 2659 860 2689 a
900 2643 1025 2689 Divo
1064 2643 1171 2689 Tito
1211 2643 1489 2689 Bostrorum
1530 2643 1764 2706 Episcopo

298 2731 323 2750 ‘⁶
347 2726 490 2771 fuisse
515 2725 778 2772 collectam.
850 2725 979 2771 Nam
1004 2724 1253 2771 Florentiae
1288 2741 1398 2771 cum
1432 2741 1598 2781 essem,
1624 2725 1763 2787 hujus

297 2812 322 2832 “
346 2806 474 2852 beati
494 2807 601 2854 Viri
620 2808 762 2854 titulo
786 2808 1064 2869 inscriptum
1087 2807 1137 2853 in
1160 2806 1458 2854 Bibliotheca
1476 2807 1588 2854 Divi
1607 2808 1762 2854 Marci

296 2896 322 2915 “
345 2891 583 2950 quoddam
617 2891 714 2937 vidi
749 2890 1028 2952 opusculum
1065 2892 1115 2937 in
1155 2890 1301 2938 Lucae
1338 2891 1664 2952 Evangelium,
1699 2906 1761 2937 ex
