1872 3366
226 226 307 267 496
482 223 930 265 SUPPLEMENTUM
957 223 1026 261 ET
1052 220 1183 260 VAR.
1212 220 1360 259 LECT.
1387 221 1459 259 &c.

271 341 274 344 ’
295 349 395 397 237,
413 348 484 396 35.
519 333 601 398 χρὴ
632 332 675 380 δὲ
703 353 786 395 γον.
811 330 871 379 ἔτι
893 331 1015 384 τύπος
1038 329 1084 389 ἧν
1113 329 1251 378 τούτου
1280 327 1326 377 τό
1361 326 1426 377 ἐπὶ
1448 325 1694 375 Ἐλισσαίου

227 411 441 477 γενόμενον·
478 408 537 458 ἔτι
564 414 695 475 νεκροῦ
717 407 823 462 ὄντος
845 407 965 456 αὗτοῧ
987 410 1062 463 ἇψ.

298 494 401 551 238,
423 501 490 549 15.
525 487 590 534 διὰ
611 485 767 535 τούτου.
874 491 941 533 16.
975 486 1105 550 ῥῆξαι.
1209 497 1281 544 25.
1296 495 1298 498 ’
1312 482 1628 546 προστάγματα.

298 584 396 628 239,
413 584 454 627 3.
489 563 602 628 μέγα
624 564 794 612 ἀποτολ.
895 581 965 613 21.
1001 561 1039 610 ἒν
1061 583 1164 626 πειρ.
1189 559 1296 609 ὄντα.

298 660 398 704 239,
418 659 488 700 24.
524 639 581 694 εἷς
603 640 695 688 αὖτ.
720 640 777 688 ἐκ.
801 637 929 687 ἴδετε.
1033 652 1102 699 25.
1139 635 1358 685 ἐκαίνωσεν.
1709 649 1733 692 5

301 737 398 778 240,
418 724 459 766 6.
495 717 694 765 αἰτιᾶσθε.
798 734 870 766 21.
905 738 952 779 μ.
976 737 1016 762 τ.
1038 715 1198 772 άναστ.,
1221 713 1331 775 μετὰ
1353 712 1423 771 τὴν
1444 711 1680 760 ἀνάστασιν.

301 815 401 856 241,
423 802 490 844 16.
524 800 580 860 τῷ
601 800 751 859 πρῶται
776 793 883 841 ἰδεῖν.
986 811 1055 850 24.
1087 790 1307 854 γενομένου.

303 891 403 932 241,
422 887 492 933 27.
517 868 591 919 κᾶν
611 871 690 935 γὰρ
715 870 754 918 οἶ
773 892 817 917 π.
904 887 974 931 29.
996 870 1255 921 πλάττοντες.
1347 883 1418 928 32.
1443 865 1486 913 οὗ
1507 869 1699 929 παρεκαθ.

304 968 405 1009 242,
424 967 494 999 22.
527 947 582 996 τὰ
604 946 864 1011 γεγενημένα.

305 1045 404 1089 243,
422 1044 464 1085 4.
499 1025 698 1078 πολλάκις
722 1043 808 1071 om.
828 1028 880 1070 B.
1719 1044 1767 1070 10

236 1179 472 1245 Ἐπληρῶθη
506 1182 531 1239 ἡ
565 1176 749 1244 ἑρμηνεία
778 1181 847 1224 τοῦ
877 1173 1171 1239 Χρυσοστόμου
1201 1173 1259 1228 εἷς
1281 1172 1327 1221 τὸ
1357 1171 1466 1221 κατὰ
1497 1175 1706 1220 Ματθαῒον

775 1252 887 1318 ἅγιον
911 1251 1175 1316 Εὖαγγέλιον.
