1884 3392
660 268 696 308 P
707 267 809 309 RAE
822 267 952 309 FAT
964 269 985 309 1
995 267 1045 309 Ο.
1538 266 1580 308 ix

104 395 190 437 quo
210 395 291 422 non
316 396 400 422 uno
418 380 508 422 loco
529 379 746 434 Photius,)
776 394 828 421 an
860 379 997 421 alius?
1028 394 1135 436 quos
1162 379 1302 435 plures
1331 388 1373 420 et
1402 378 1577 420 diversae

104 449 238 490 aetatis
274 449 452 490 Miraeus
487 448 528 489 in
561 447 780 498 Auctario,
819 447 964 490 Sixtus
1000 446 1191 488 Senensis
1222 446 1264 487 in
1300 446 1575 497 Bibliotheca,

103 516 256 573 aliique
275 525 613 565 commemorant,
636 531 718 556 non
742 515 862 572 plane
882 515 1029 572 liquet.

163 591 191 610 “
214 586 310 626 Non
332 584 418 626 falli
443 585 738 626 Casaubonum
762 584 842 625 alio
861 593 1110 640 argumento
1137 593 1396 639 compertum
1427 581 1574 630 habeo,

104 652 175 708 qui
216 653 470 694 observarim
516 653 558 694 in
601 654 763 694 Catena
800 652 842 693 in
880 652 1083 700 Psalmos,
1118 666 1244 707 quam
1278 651 1434 691 Baltas.
1467 651 1576 691 Cor-

105 719 207 761 derii
228 720 444 762 industriae
467 720 683 770 debemus,
705 719 929 777 saepissime
951 719 1154 776 Hesychii
1187 718 1394 775 symbolas
1423 718 1576 766 afferri,

105 803 211 843 quas
230 803 324 829 cum
346 788 772 844 expositioneista‚de
787 804 873 845 qua
892 798 1237 837 commentamur,
1255 786 1366 827 omni
1386 801 1437 826 ex
1459 795 1578 841 parte

103 855 337 912 conspirare
358 856 627 913 deprehendi,
651 856 726 897 nisi
748 857 861 913 quod
884 857 926 898 in
948 855 1270 912 comparatione,
1295 856 1359 895 vel
1379 853 1577 895 tralatitio

103 923 244 966 labore
263 924 468 975 instituta,
492 925 664 965 miratus
685 924 775 974 sim,
799 935 883 965 tam
912 924 1171 981 negligenter
1190 931 1434 964 contextum
1457 922 1577 963 Grae-

104 1009 197 1035 cum
220 1003 410 1035 curatum
433 992 572 1043 fuisse,
597 1003 643 1034 ut
664 993 833 1034 infinitis
863 993 950 1034 fere
981 993 1079 1034 locis
1109 1007 1161 1033 ex
1184 990 1340 1033 Codice
1365 990 1578 1032 Casaubo-

104 1062 228 1103 niano
256 1062 417 1103 medela
448 1062 584 1102 afferri
616 1061 760 1118 possit,
788 1061 901 1117 quod
933 1060 1030 1102 alibi
1062 1060 1160 1102 data
1190 1074 1316 1115 opera
1346 1058 1575 1099 ostendam.

106 1130 188 1171 His
216 1130 444 1171 commodis
473 1130 681 1179 omnibus,
703 1145 800 1186 quae
822 1145 872 1170 ex
897 1130 1151 1170 Catenarum
1179 1143 1256 1168 usu
1278 1127 1579 1182 circumspecto

104 1198 354 1255 amplissima
376 1198 627 1248 redundant,
649 1198 807 1240 accedit
828 1197 994 1238 tandem
1017 1195 1135 1246 illud,
1158 1195 1273 1251 quod
1303 1210 1355 1236 ne
1375 1204 1463 1236 tum
1487 1194 1578 1250 qui-

104 1267 198 1308 dem
220 1266 399 1307 utilitate
417 1265 530 1306 omni
552 1265 849 1314 destituantur,
870 1279 967 1305 cum
987 1263 1078 1320 ipsa
1099 1264 1330 1304 Doctorum
1362 1278 1488 1318 opera
1520 1263 1579 1303 in-

105 1344 223 1391 tegra
251 1334 444 1376 manibus
466 1342 693 1375 versantur.
760 1333 914 1375 Saltem
937 1332 1045 1373 enim
1078 1331 1213 1388 perito
1238 1331 1383 1372 lectori
1404 1331 1578 1372 occasio-

104 1417 198 1443 nem
220 1401 506 1458 suppeditant,
525 1401 636 1443 locos
667 1403 888 1443 nonnullos
909 1400 973 1441 vel
994 1400 1047 1441 ab
1066 1399 1218 1456 injuria
1240 1409 1492 1455 temporum,
1514 1399 1579 1439 vel

104 1471 367 1512 librariorum
390 1469 657 1526 negligentia,
676 1480 724 1512 ut
739 1470 827 1511 fieri
846 1470 961 1519 solet,
981 1468 1088 1510 male
1108 1467 1285 1517 habitos,
1298 1467 1340 1508 in
1362 1467 1578 1523 pristinam

105 1538 383 1594 integritatem
406 1537 657 1580 vindicandi.

165 1612 193 1631 ‘⁶
215 1608 288 1647 Ex
320 1606 398 1657 his,
432 1605 476 1646 ni
507 1605 641 1656 fallor,
672 1605 936 1661 relinquitur,
960 1607 1139 1647 Catenas
1160 1606 1353 1654 Patrum,
1383 1619 1462 1644 non
1496 1618 1582 1644 uno

107 1674 272 1729 nomine
290 1690 333 1716 se
353 1674 704 1724 commendantes,
724 1675 938 1723 Lectores,
958 1672 1220 1729 antiquitatis
1250 1672 1472 1723 studiosos,
1494 1671 1581 1713 alli-

105 1758 197 1784 cere
226 1751 267 1784 et
297 1742 535 1799 pertrahere
564 1742 618 1783 ad
651 1741 884 1792 lectionem,
921 1756 996 1783 nec
1029 1757 1112 1783 uno
1145 1741 1328 1783 laborem
1360 1741 1581 1782 commodo

106 1826 372 1867 compensare
406 1826 539 1867 posse,
575 1811 702 1852 modo
731 1810 792 1851 illi
820 1809 984 1866 judicio
1016 1819 1203 1860 utantur,
1234 1819 1276 1851 et
1310 1809 1364 1851 ab
1394 1809 1473 1851 illis
1505 1809 1582 1850 sibi

106 1888 278 1921 caveant
299 1879 441 1930 naevis,
462 1879 617 1935 quibus
637 1879 793 1920 eaedem
815 1878 1003 1920 incautos
1030 1878 1279 1935 plerumque
1305 1878 1520 1935 decipiunt
1540 1887 1583 1919 et

106 1947 273 1989 fallunt.
334 1947 492 2003 Negari
528 1962 639 1998 sane,
672 1946 748 1988 nisi
780 1946 833 1988 ab
864 1946 1056 2002 imperito
1087 1961 1169 1987 non
1204 1955 1354 2003 potest,
1376 1946 1528 2003 saepius
1558 1962 1584 1988 a

106 2025 328 2057 centonum
359 2014 564 2072 ejusmodi
595 2014 996 2056 consarcinatoribus
1027 2014 1286 2071 Scriptorum
1311 2014 1450 2065 verba,
1470 2029 1584 2055 nunc

106 2083 253 2139 magis,
273 2098 386 2124 nunc
417 2083 567 2134 minus,
589 2098 702 2123 nunc
723 2098 819 2124 cum
834 2080 1012 2138 judicio,
1034 2095 1146 2122 nunc
1175 2080 1485 2137 imprudentius
1514 2080 1585 2122 de-

107 2150 307 2200 truncari,
344 2150 528 2192 mutilari
564 2160 604 2192 et
637 2150 785 2200 minui,
821 2159 868 2192 ut
898 2149 1055 2191 dubius
1090 2149 1248 2190 haereas
1279 2165 1473 2205 quaenam
1504 2149 1584 2190 illis

106 2218 233 2260 fuerit
262 2233 392 2269 mens,
413 2218 503 2274 qui,
524 2219 598 2260 ubi
631 2218 673 2259 in
705 2218 892 2260 fontibus
924 2218 1138 2274 leguntur,
1159 2218 1467 2274 perspicuitatis
1497 2217 1584 2259 lau-

107 2286 201 2328 dem
224 2287 394 2328 omnino
414 2287 624 2343 propriam
648 2286 725 2328 sibi
746 2286 919 2328 faciunt.
958 2287 1094 2328 Iidem
1116 2302 1199 2328 non
1221 2302 1314 2328 raro
1333 2286 1587 2343 interpolant

110 2353 366 2411 Scriptorum
389 2355 530 2405 verba,
551 2370 630 2412 pro
649 2355 821 2397 arbitrio
842 2355 1008 2411 fingunt
1030 2364 1071 2396 et
1091 2355 1318 2411 refingunt,
1338 2354 1584 2396 diffundunt

107 2431 150 2463 et
192 2421 463 2479 amplificant,
496 2433 545 2464 ut
576 2437 660 2464 non
690 2432 775 2464 tam
810 2423 922 2479 legas
953 2438 1050 2479 quae
1078 2422 1136 2463 illi
1172 2422 1424 2479 scripserint,
1456 2437 1583 2479 quam

107 2504 206 2546 quae
226 2490 433 2547 scripsisse
451 2489 543 2531 illos
565 2490 706 2541 velint,
728 2490 803 2547 qui
825 2490 992 2532 Lectori
1013 2491 1102 2532 haec
1123 2490 1371 2547 compendia
1390 2491 1584 2533 offerunt.

110 2557 377 2599 Praestitisset
406 2557 590 2608 omnino,
612 2557 703 2614 ipsa
730 2560 968 2600 Auctorum
1002 2560 1129 2601 verba
1159 2559 1315 2601 solicite
1345 2575 1522 2609 servare,
1545 2569 1586 2600 et

109 2624 166 2666 sic
200 2625 436 2681 legentibus
466 2625 638 2667 liberam
672 2625 725 2666 de
756 2626 900 2668 eodem
935 2643 1057 2668 sensu
1085 2627 1305 2684 judicandi
1340 2637 1585 2683 potestatem

110 2692 357 2750 relinquere.
419 2696 628 2735 Praeterea
654 2709 765 2751 saepe
793 2695 991 2736 carbones
1012 2711 1089 2752 pro
1110 2695 1306 2736 thesauro
1326 2695 1523 2745 invenias,
1545 2705 1587 2736 et

110 2775 206 2802 cum
229 2761 520 2818 unusquisque
540 2762 806 2804 collectorum
829 2762 920 2804 aliis
939 2779 988 2804 ea
1007 2763 1170 2820 placere
1197 2762 1349 2803 debere
1375 2762 1585 2818 opinetur,

111 2843 208 2885 quae
230 2827 306 2870 sibi
326 2829 573 2885 probentur,
596 2846 757 2888 suoque
787 2831 912 2887 genio
941 2831 1235 2887 respondeant,
1257 2839 1318 2871 est
1342 2830 1413 2871 ubi
1437 2830 1587 2887 judicii

113 2897 319 2939 solertiam
347 2907 388 2939 et
419 2912 592 2939 acumen
623 2899 664 2939 in
694 2899 775 2940 illis
807 2899 1029 2941 desideres.
1090 2904 1101 2924 ‘
1126 2899 1170 2940 Si
1191 2898 1286 2955 quis
1315 2898 1452 2948 enim,'
1472 2899 1589 2955 quod

112 2976 223 3008 recte
257 2977 395 3008 monet
432 2967 620 3009 Huetius
654 2967 696 3008 in
728 2968 892 3024 praefat.
923 2968 982 3009 ⁴ad
1020 2968 1214 3024 Origenis
1243 2967 1587 3018 Commentarios,

115 3035 356 3092 ‘symbolas
400 3036 606 3092 ejusmodi
646 3037 808 3078 nonnisi
854 3037 906 3078 ab
952 3036 1126 3078 eruditis
1166 3045 1205 3077 et
1248 3035 1446 3092 gravibus
1482 3034 1592 3076 Viris

798 3097 838 3125 ’Ψ
924 3105 950 3145 b
