1872 3366
282 217 362 265 478
581 218 1032 257 SUPPLEMENTUM
1059 220 1130 258 ET
1158 220 1280 258 VAR.
1310 220 1461 259 LEcT.

281 323 329 374 ἂν
360 323 436 373 εἷεν
466 326 567 382 ἄξιοι
601 325 841 390 συγγνώμης
871 328 908 375 οἱ
937 327 1031 392 ὑπὲρ
1054 334 1127 375 τῶν
1149 335 1376 377 πολυτελῶν
1396 335 1657 394 μεριμνῶντες
1681 327 1750 376 καὶ

282 404 319 451 ἐν
348 409 399 468 τῇ
429 410 502 451 τῶν
534 403 681 451 ε’θνικῶν
717 404 900 469 εὐτελείᾳ
934 406 1129 468 μένοντες,
1153 405 1222 454 καὶ
1243 407 1313 464 τὴν
1336 406 1462 454 αὐτῶν
1482 406 1753 470 μικροψυχίαν

282 486 518 539 ζηλοῦντεςς

358 572 431 619 5ο,
456 573 525 618 27.
576 556 632 606 διδ
668 558 754 607 οὐδὲ
795 556 899 607 εἶπεν
940 561 1149 619 δοθήσεται
1191 561 1282 623 ὑμῖν
1321 562 1374 609 τὰ
1412 561 1601 624 παρόντα,
1637 561 1752 609 ἀλλὰ

282 642 310 663 “
332 636 649 699 προστεθήσεται
674 637 790 700 ῦμῒν”
813 638 923 699 μετὰ
946 645 1018 686 τῶν
1040 638 1266 702 μελλόντων
1293 637 1362 686 καὶ
1385 638 1439 686 τὰ
1467 638 1655 703 παρόντα.
1697 638 1753 685 Εἷ
1765 654 1786 695 5

281 713 323 760 δὲ
346 710 420 760 καί
438 735 502 766 τις
525 710 625 761 εἴποι
648 720 728 767 πῶς
753 712 815 762 οῦν
838 715 965 776 φησὶν
990 715 1196 764 ἐκέλευσεν
1226 714 1292 763 τὸν
1322 716 1436 780 ἄρτον
1458 716 1612 771 αι’τεῒν;
1648 737 1752 778 μαν-

281 790 423 838 θανέτω
447 789 505 837 ἔτι
538 789 603 837 τὸν
633 791 829 839 ἒπιούσιον
859 793 1094 856 προσέθηκεν
1116 791 1185 839 καὶ
1207 792 1332 858 τούτῳ
1353 795 1475 840 πάλιν
1497 792 1542 840 τὸ
1567 795 1750 857 σήμερον,

280 865 412 931 ῶσπερ
433 865 494 915 οῦν
517 867 585 915 καὶ
610 868 775 915 ἐνταῦθα
796 875 912 916 ποιεῖ.
949 868 990 916 οὗ
1013 869 1092 933 γὰρ
1118 866 1224 916 εἶπεν
1246 870 1306 931 μη
1327 871 1615 934 μεριμνήσητε.

347 960 417 1006 50,
442 964 514 1006 33.
550 967 591 992 τ.
617 945 824 1009 προσώπου
849 968 934 993 σου.
1068 964 1141 1008 34.
1175 944 1416 1010 προστιθείς.

346 1039 418 1084 51,
436 1042 478 1082 4.
515 1022 590 1087 οὐχ
622 1023 810 1086 ἁρπαγὰς
845 1023 971 1087 λέγων
1002 1023 1087 1072 οὐδὲ
1120 1024 1364 1082 πλεονεξίαις,
1387 1024 1457 1072 οῦκ
1487 1024 1598 1072 ἄλλο’
1615 1047 1655 1072 τι
1679 1031 1752 1072 τῶν
1769 1040 1816 1065 10

280 1100 471 1156 τοιούτων,
495 1101 609 1148 ἀλλὰ
630 1101 708 1153 τὰς
731 1100 866 1148 ἄνωθεν
889 1101 1111 1165 φερομένας
1135 1103 1316 1165 πληγάς.

347 1193 420 1238 51,
444 1192 510 1237 17.
546 1178 716 1225 ἐντεῦθεν
739 1180 977 1241 συνάγουσιν
999 1176 1045 1225 τὸ
1067 1184 1157 1242 πῦρ.
1280 1195 1352 1226 20.
1390 1181 1408 1226 ὁ
1430 1179 1510 1242 γὰρ
1535 1185 1684 1245 σκοπῷ.

347 1271 418 1317 51,
445 1274 512 1314 24.
556 1254 621 1302 τόν
643 1255 776 1316 φίλον.
826 1253 872 1303 ἂν
905 1256 984 1320 γὰρ
1019 1262 1133 1305 τοῦτο
1167 1257 1227 1319 μὴ
1264 1256 1443 1319 γένηται,
1477 1256 1682 1323 ἔπαυξήσῃ
1704 1254 1751 1304 τὸ
1795 1290 1797 1293 -

281 1338 354 1391 τῆς
376 1331 534 1386 κακίας.
576 1331 643 1380 καὶ
666 1332 713 1380 τί
732 1333 853 1396 λέγω,
877 1335 895 1380 o‘
918 1333 1042 1394 φίλος
1064 1332 1128 1381 τὸν
1152 1332 1283 1394 φίλον.
1391 1351 1459 1395 29.
1481 1334 1683 1382 ἀπαιτεῖν.

347 1426 419 1471 52,
440 1416 480 1457 8.
515 1410 739 1474 ἀκροάσεως
766 1431 849 1459 om.
874 1415 982 1459 Cod.
1003 1417 1055 1458 Β.
1769 1429 1813 1470 15

347 1503 419 1549 52,
443 1502 509 1548 15.
547 1493 650 1535 Post
673 1491 929 1550 μανθάνοντες
952 1490 1030 1553 γὰρ
1055 1498 1120 1535 est
1142 1493 1295 1550 ingens
1321 1493 1476 1536 lacuna
1498 1494 1544 1536 in
1569 1493 1677 1536 Cod.
1697 1493 1754 1536 Β.

281 1586 418 1626 usque
441 1571 496 1612 ad
521 1571 569 1613 P.
590 1571 660 1628 63,
684 1585 754 1628 30.
778 1564 1019 1613 ἀπελθόντων
1043 1566 1155 1628 δαιμ.
1178 1587 1255 1629 γιν.

349 1649 420 1701 64,
445 1648 486 1690 6.
522 1648 592 1691 τοῦ
618 1642 805 1704 σώματος
829 1643 992 1691 ἐνταῦθα
1015 1648 1259 1691 πλανᾶσθαι.

349 1726 420 1778 64,
443 1738 509 1767 11.
544 1720 734 1784 προνοίας.
777 1721 814 1768 οἷ
842 1720 920 1785 γὰρ
952 1727 1025 1768 τῶν
1055 1719 1194 1785 χοίρων
1223 1720 1283 1782 μη
1314 1722 1567 1781 φεισάμενοι,
1591 1719 1657 1774 οῦς
1679 1727 1752 1768 τῶν

281 1796 478 1862 ἀνθρώπων
512 1797 680 1846 ἔλαττον
712 1803 917 1860 μισοῦσιν,
936 1797 1033 1845 ἀλλ’
1059 1798 1096 1846 ἐν
1123 1803 1201 1861 μιᾷ
1224 1803 1359 1862 καιροῦ
1381 1801 1481 1863 ῥοπῇ
1503 1799 1657 1851 πάντας
1679 1797 1751 1845 αὖ·
1767 1822 1816 1848 20

282 1874 373 1928 τοῦς
403 1875 739 1938 κατεκρήμνισαν,
761 1881 900 1940 πολλῷ
929 1881 1090 1936 μᾶλλον
1120 1873 1167 1923 ἂν
1191 1876 1246 1928 εἷς
1272 1874 1363 1928 τοὺς
1385 1873 1599 1938 ἀνθρώπους
1621 1880 1753 1923 ταῦτα

283 1952 536 2016 εἰργάσαντο,
561 1951 626 1999 ἐὰν
647 1952 708 2014 μη
732 1954 755 2010 ἡ
780 1958 848 1999 τοῦ
873 1957 977 2000 Θεοῦ
1001 1953 1167 2010 βοήθεια
1195 1953 1358 2010 κήδεται
1382 1954 1500 2014 ἡμῶν.

349 2035 420 2087 64,
445 2048 512 2090 13.
549 2028 670 2076 αὐτοῦ
694 2052 732 2076 τ.
759 2029 835 2076 δυν.
976 2035 1043 2076 16.
1078 2029 1326 2092 ἀπέπεμπον.

350 2111 421 2161 66,
441 2111 482 2152 6.
518 2103 578 2152 ’έτι
604 2105 645 2152 δὲ
668 2104 735 2152 καὶ
759 2104 831 2153 ἔτι.
940 2124 1006 2152 10.
1041 2104 1303 2170 προσίστατο.
1411 2124 1476 2155 12.
1500 2105 1636 2167 μείζω.

349 2188 420 2238 66,
443 2196 509 2243 15.
544 2187 788 2246 προσελθεῖν.
928 2202 994 2244 19.
1030 2182 1285 2237 ἐκκλίνοντες.
1767 2194 1813 2234 25

350 2266 420 2319 67,
444 2278 510 2321 13.
547 2258 717 2315 εἴξοντα.
857 2266 923 2307 16.
957 2259 1151 2308 τελωνίον.
1292 2280 1358 2323 19.
1390 2260 1535 2325 κέρδος.

350 2343 421 2396 67,
443 2355 512 2398 23.
546 2337 840 2399 ἀμφισβητῶν.
979 2344 1049 2387 26.
1085 2335 1312 2399 τετίμηκεν.

349 2420 418 2474 67,
445 2429 514 2474 27.
551 2413 721 2462 εὔελπιν.
859 2420 928 2463 28.
964 2415 1126 2462 ι’άσατο.

351 2498 420 2551 67,
445 2510 515 2554 3ο.
553 2491 805 2556 συνέρχονται
842 2492 884 2540 δὲ
916 2490 1012 2556 πρὸς
1047 2495 1255 2538 Ματθαῒον
1291 2492 1327 2538 οἱ
1361 2497 1527 2539 τελῶναι
1569 2491 1620 2545 ὦς
1654 2483 1751 2556 πρός

283 2568 508 2632 ὁμότεχνον.
553 2567 672 2622 αύτός
695 2569 737 2616 δὲ
759 2575 812 2634 τῇ
834 2575 903 2616 τοῦ
928 2574 1107 2633 Χριστοῦ
1130 2568 1198 2616 καὶ
1221 2574 1326 2617 Θεοῦ
1356 2572 1463 2630 ἡμῶν
1495 2569 1751 2632 ἔγκαλλωπι-
1764 2587 1815 2624 30

284 2645 441 2708 ζόμενος
465 2645 619 2711 εἰσόδῳ,
636 2647 790 2699 πάντας
824 2646 968 2700 αὐτοὺς
1003 2648 1281 2694 συνεκάλεσεν.
1319 2648 1338 2693 o‘
1362 2647 1401 2694 δὲ
1426 2645 1624 2704 δεσπότης
1646 2649 1752 2707 ἡμῶν

283 2722 479 2788 Χριστὸς,
503 2722 595 2787 οὗχῖ
631 2723 910 2787 διαλεγόμενος
942 2723 1056 2786 μόνον
1087 2723 1172 2771 οὐδὲ
1207 2723 1420 2787 θεραπεύων
1453 2723 1540 2772 οὐδὲ
1574 2723 1752 2786 ἐλέγχων

283 2800 374 2852 τοῦς
400 2800 575 2865 ἐχθροὺς,
600 2801 715 2848 ἀλλὰ
739 2799 806 2848 καὶ
830 2802 999 2865 ἀριστῶν
1033 2799 1186 2865 διώρθου
1220 2801 1394 2854 πολλοὺς
1417 2807 1490 2848 τῶν
1512 2806 1640 2853 κακῶς
1664 2801 1749 2848 δια-

284 2876 480 2938 κειμένων.
518 2877 582 2925 διᾶ
607 2877 750 2925 τούτων
774 2878 965 2925 διδάσκων
987 2880 1098 2940 ἡμᾶς
1121 2877 1180 2925 ὅτι
1196 2883 1278 2931 πᾶς
1301 2877 1434 2941 καιρὸς
1456 2877 1526 2925 καὶ
1546 2884 1624 2925 πᾶν
1642 2877 1751 2941 ἔργον

284 2953 445 3000 δύναται
480 2954 669 3017 παρέχειν
705 2957 799 3016 ἡμῖν
836 2955 1025 3014 ὠφελίαν·
1062 2955 1238 3018 καίτοιγε
1271 2955 1324 3003 τὰ
1357 2955 1628 3019 παρακείμενα
1657 2954 1749 3003 τότε
1762 2974 1783 3011 3
1790 2975 1812 3013 5
