1864 3380
665 231 813 272 PRAE
825 231 1052 274 FATIO.
1244 213 1249 216 ’
1519 247 1606 274 xxv

123 352 151 372 ‘⁶
167 345 512 407 *chrysostomo
541 345 842 407 potissimum
873 346 1143 393 collectum.
1214 345 1273 392 In
1297 362 1390 407 quo
1415 346 1507 392 loci
1531 346 1600 392 illi

121 435 151 457 ‘⁶
174 429 224 475 in
258 429 429 491 quibus
462 427 609 475 Lucae
643 444 755 475 cum
793 427 1030 475 Matthaeo
1064 430 1300 483 convenit,
1337 434 1449 475 sunt
1482 443 1599 490 prae-

122 518 149 539 ⁶‘
173 513 391 566 termissi‚
423 516 473 558 et
510 512 571 558 ad
604 509 727 558 hanc
761 526 904 572 quam
939 527 1025 558 nos
1059 514 1288 559 vertimus
1328 519 1380 559 et
1413 513 1473 559 de
1507 527 1601 574 qua

123 602 151 623 ‘⁶
173 596 372 658 agimus,
395 594 449 641 in'
475 594 764 643 Matthaeum
801 595 1175 650 Enarrationem,
1204 596 1265 642 ab
1297 596 1468 642 eodem
1498 596 1601 657 ipso

122 683 150 704 ‘⁶
173 677 283 723 Tito
324 677 475 724 lector
514 678 789 724 remittitur.
879 677 1023 725 Unde
1061 679 1294 739 conjicere
1332 679 1403 725 fas
1437 680 1514 736 sit,
1550 684 1601 724 et

122 767 151 788 “
173 761 314 821 hujus
338 760 662 807 Enarrationis
689 761 994 808 collectorem
1018 763 1161 808 fuisse
1185 760 1363 817 Titum,
1387 763 1601 822 quamvis

123 851 149 871 “
173 860 232 892 eo
263 844 456 891 nomine
489 859 678 905 prorsus
711 851 885 892 careat.
957 844 1133 906 Neque
1156 860 1268 891 vero
1291 845 1341 892 id
1363 846 1601 892 mordicus

121 933 150 955 ⁶‘
172 929 425 983 tenuerim,
447 929 487 974 si
523 929 628 989 quis
658 927 797 974 aliter
828 929 888 974 de
918 928 1012 974 alio
1049 929 1261 975 senserit.
1331 929 1473 984 Quod
1513 943 1600 976 nos

121 1018 150 1040 ⁶⁶
171 1013 324 1058 movit
357 1018 414 1058 ut
449 1012 613 1058 Titum
650 1013 1008 1073 suspicaremur,
1045 1013 1261 1058 modeste
1298 1012 1599 1073 protulimus,

121 1100 148 1121 ‘⁶
171 1100 274 1141 esto
306 1109 434 1140 nunc
455 1094 657 1140 aliorum
672 1094 922 1155 judicium.
995 1094 1123 1142 Illud
1147 1111 1259 1142 vero
1282 1096 1397 1142 totis
1419 1096 1599 1142 viribus

122 1184 147 1204 “
171 1177 546 1232 asseveraverim‚
571 1177 715 1223 verba
754 1192 941 1237 prorsus
978 1194 1032 1224 ac
1073 1193 1208 1225 sensa
1253 1193 1356 1225 esse
1395 1178 1598 1240 Chryso-

119 1266 148 1287 “
171 1261 327 1315 stomi,
352 1265 408 1318 ut
431 1274 536 1320 quae
556 1257 812 1305 salutarem
837 1258 964 1306 illius
980 1262 1080 1307 ‘oris
1112 1262 1241 1307 aurei
1274 1262 1596 1322 eloquentiam

119 1349 146 1369 ⁶⁶
170 1344 372 1404 sapiunt.
444 1341 643 1404 Singula
676 1343 803 1388 enim
839 1357 947 1403 quae
981 1343 1064 1389 ille
1095 1344 1155 1390 ad
1182 1343 1428 1406 Evangelii
1452 1359 1598 1405 expo-

119 1432 148 1453 ‘⁶
171 1427 391 1473 sitionem
415 1428 465 1473 in
492 1427 662 1488 amplis
699 1425 792 1473 illis
827 1428 876 1473 in
913 1426 1204 1472 Matthaeum
1228 1427 1595 1482 commentariis,

119 1515 146 1536 ‘⁶
169 1509 424 1571 multiplici
447 1509 530 1557 illa
565 1525 649 1556 sua
679 1510 898 1556 disseruit
936 1509 1222 1569 eloquentia,
1245 1509 1381 1556 Titus
1404 1509 1495 1564 hic,
1519 1509 1596 1556 vel

118 1598 147 1619 ‘⁶
170 1594 251 1660 qui
286 1593 431 1640 fuerit
459 1593 592 1649 alius,
627 1595 758 1641 aurei
792 1594 933 1655 hujus
970 1591 1192 1640 Doctoris
1226 1594 1594 1640 studiosissimus

124 1676 246 1723 “ita
277 1677 449 1739 coegit,
492 1684 548 1723 ut
596 1677 655 1723 ad
706 1676 1020 1740 Evangelistae
1068 1676 1433 1739 intelligentiam
1467 1676 1595 1725 illius

122 1764 154 1787 “
179 1759 419 1807 Homilias
454 1761 643 1808 lectoris
674 1762 858 1807 animus
892 1777 986 1807 non
1012 1762 1262 1808 desideret.
1333 1762 1439 1808 Imo
1465 1762 1597 1809 velut

122 1848 152 1869 ‘⁶
176 1858 204 1889 e
226 1844 430 1904 paradisi
461 1843 659 1904 alicujus
690 1843 912 1890 suavibus
945 1859 1000 1890 ac
1034 1844 1396 1891 beneolentibus
1440 1845 1597 1892 herbis

120 1932 149 1955 ‘⁶
174 1925 312 1973 flores
346 1926 406 1972 ab
440 1925 632 1972 homine
670 1927 917 1988 decerptos
953 1926 1171 1982 affirmet,
1202 1928 1371 1987 quibus
1405 1927 1496 1974 hoc
1526 1928 1595 1973 ita

117 2016 144 2036 ‘⁶
167 2009 393 2055 decorum
417 2023 708 2069 aureumque
731 2014 910 2055 sertum
935 2024 1251 2070 coronamque
1268 2010 1590 2056 contexerat.”

185 2091 302 2138 Non
341 2106 442 2138 esse
482 2096 645 2137 autem
686 2106 713 2137 e
753 2091 863 2137 Tito
887 2090 1131 2138 Bostrensi
1172 2092 1294 2138 hanc
1334 2092 1593 2153 Epitomen

114 2174 390 2236 profectam,
413 2180 468 2220 ut
496 2173 764 2236 Serrarigus
794 2174 1091 2235 conjiciebat,
1114 2176 1228 2221 satis
1251 2176 1592 2222 demonstrabi-

114 2261 207 2311 tur,
231 2258 419 2317 quando
454 2258 514 2303 de
548 2257 675 2304 illius
711 2257 866 2304 Patris
900 2256 1255 2304 Commentario
1288 2259 1338 2303 in
1375 2258 1591 2320 Evange-

117 2339 235 2385 lium
271 2338 321 2386 S.
349 2339 491 2386 Lucae
528 2341 783 2387 dicendum
819 2342 946 2387 eritp
994 2340 1134 2386 Illam
1170 2355 1280 2386 vero
1315 2355 1417 2386 esse
1452 2340 1590 2386 valde

115 2423 373 2483 antiquam,
397 2427 530 2483 patet
558 2438 619 2468 ex
650 2438 708 2473 eo
739 2425 865 2484 quod
897 2425 1136 2469 invenitur
1166 2423 1215 2468 in
1239 2421 1388 2468 Codd.
1414 2422 1587 2468 decimi

116 2505 293 2551 saeculi.
344 2505 470 2552 Talis
501 2511 575 2552 est
598 2505 764 2552 Codex
788 2506 1076 2552 Bodleianus
1099 2505 1245 2551 Auct.
1263 2505 1316 2550 T.
1340 2508 1383 2550 1.
1403 2508 1447 2551 4.
1473 2505 1587 2550 olim

118 2589 415 2636 Meermann.
439 2592 519 2650 qui
542 2596 640 2636 tres
663 2589 1040 2636 Commentarios
1071 2591 1120 2635 in
1146 2589 1473 2651 Evangelistas
1507 2604 1590 2635 ex-

115 2672 262 2726 hibet,
288 2673 347 2719 de
377 2672 547 2733 quibus
583 2672 785 2719 Savilius
820 2673 923 2719 loco
958 2688 1098 2734 supra
1130 2677 1406 2718 memorato.
1465 2671 1589 2717 Cum

116 2759 278 2800 autem
311 2755 413 2815 jam
453 2755 541 2801 sub
574 2755 706 2816 prelo
743 2761 844 2801 erat
882 2755 1064 2802 Catena
1097 2759 1256 2800 nostra
1292 2754 1341 2799 in
1383 2752 1431 2799 S.
1457 2753 1590 2799 Mat-

114 2836 309 2892 thaeum,
331 2837 476 2884 incidi
509 2837 559 2882 in
593 2837 720 2882 hunc
743 2836 982 2890 Codicem‚
1009 2842 1060 2882 et
1094 2837 1255 2882 statim
1279 2837 1387 2890 vidi,
1413 2835 1589 2883 Codice

116 2911 403 2967 Coisliniano
440 2919 594 2966 multo
629 2919 890 2979 pleniorem
925 2933 1038 2974 esse,
1078 2920 1233 2980 quoad
1266 2918 1588 2980 Chrysostomi

834 3002 865 3046 d
