1884 3392
652 245 689 287 P
701 244 803 287 RAE
815 244 946 287 FAT
954 244 979 286 1
988 245 1042 287 O.
1500 242 1588 284 xvii

173 357 350 406 Adhuc
389 364 552 406 autem
590 363 740 405 restat
778 359 962 406 incerta
999 358 1210 419 quaestio,
1247 373 1341 419 qua
1374 358 1582 419 primum

106 447 247 489 aetate
271 442 439 489 confici
463 447 629 503 coeptae
662 447 774 488 sunt
797 441 991 488 Catenae
1021 457 1084 487 ex
1107 440 1267 488 Variis
1291 440 1585 486 Auctoribus

105 526 387 572 nominatim
410 520 568 572 citatis
592 525 820 572 conflatae.
871 522 953 569 Ad
976 523 1099 569 hanc
1123 525 1251 570 enim
1275 523 1585 585 quaestionem

106 609 420 656 dirimendam
438 609 611 655 desunt
633 608 771 655 nobis
793 613 954 662 testes,
969 607 1019 653 id
1036 613 1110 654 est
1132 608 1411 669 antiquioris
1434 608 1588 654 aetatis

107 690 335 746 Codices;
363 691 632 752 paucissimi
656 692 783 738 enim
808 697 920 738 sunt
938 692 1020 752 qui
1044 692 1230 739 decimo
1254 690 1426 738 saeculo
1451 690 1514 737 A.
1530 691 1584 738 C.

106 775 366 821 vetustiora
402 779 526 820 sunt.
596 771 827 820 Omnium
851 775 1097 830 Codicum,
1122 777 1204 836 qui
1237 776 1298 822 ad
1330 775 1586 822 Commen-

105 859 214 904 tarii
237 858 438 904 formam
465 857 858 919 appropinquant,
882 860 1236 921 antiquissimus
1270 863 1344 905 est
1368 858 1587 904 Coislini-

104 956 235 996 anus,
260 942 341 1002 qui
365 941 751 988 Pentateuchum
774 943 971 989 exhibet
994 941 1161 988 Graece
1191 956 1302 987 cum
1333 940 1512 987 notulis
1536 946 1587 987 et

104 1025 271 1087 glossis
293 1026 631 1087 marginalibus
667 1025 780 1085 (vid.
807 1025 987 1071 Montf.
1013 1024 1138 1070 Bibl.
1164 1024 1326 1085 Coisl.)
1364 1025 1447 1070 sed
1481 1039 1589 1086 pro-

105 1114 270 1169 pterea
292 1108 373 1154 vix
396 1109 522 1154 inter
547 1109 703 1170 justas
727 1109 932 1155 Catenas
965 1109 1198 1154 recenseri
1233 1114 1456 1154 meretur.
1527 1107 1587 1154 In

106 1192 274 1237 eadem
307 1193 697 1252 praestantissima
734 1191 1036 1238 Bibliotheca
1066 1197 1139 1238 est
1173 1197 1337 1238 autem
1370 1198 1396 1218 “
1420 1191 1588 1238 Codex

106 1280 133 1299 ‘⁶
157 1273 349 1321 XLVI.
386 1274 585 1320 membr.
617 1273 683 1320 X.
719 1289 821 1321 saec.
858 1274 1208 1336 elegantissime
1246 1280 1468 1321 exaratus
1504 1274 1585 1320 fol.

105 1361 133 1382 ‘⁶
157 1354 271 1407 469.
296 1355 459 1402 Basilii
483 1355 711 1404 Ascetica
741 1357 962 1417 quaedam
985 1355 1209 1402 videlicet
1246 1355 1465 1410 Moralia‚
1491 1356 1585 1402 duo

106 1445 132 1465 ‘⁶
156 1444 397 1500 postrema
420 1439 558 1486 folia”
583 1445 707 1487 teste
732 1439 912 1486 Montf.
937 1445 965 1465 “
989 1455 1051 1486 ex
1079 1440 1172 1487 alio
1197 1440 1317 1487 libro
1341 1446 1503 1487 vetere
1526 1441 1587 1487 ad

105 1529 132 1549 “
154 1522 282 1569 hunc
316 1523 718 1586 compingendum
753 1529 942 1585 sumpta
977 1529 1100 1578 sunt,
1130 1524 1402 1571 charactere
1434 1523 1584 1572 VIII.

105 1611 132 1630 “
156 1605 343 1652 circiter
377 1606 535 1652 saeculi
569 1606 759 1662 unciali,
782 1606 988 1654 alterum
1023 1607 1225 1663 deflexo,
1260 1608 1467 1655 alterum
1503 1608 1586 1655 ob-

106 1693 133 1712 “
157 1687 299 1750 longo
323 1694 373 1735 et
395 1689 772 1750 perpendiculari
797 1691 1039 1751 scriptum,
1059 1692 1109 1736 in
1128 1691 1300 1752 quibus
1317 1692 1586 1754 fragmenta

106 1777 132 1797 “
156 1772 462 1818 continentur
485 1772 948 1819 Commentariorum
976 1774 1027 1819 in
1050 1772 1179 1819 Acta
1201 1773 1586 1835 Apostolorum.’'

108 1854 224 1900 Non
246 1855 473 1901 indicavit
496 1860 661 1902 autem
684 1855 749 1902 V.
769 1855 823 1901 C.
847 1870 909 1901 an
930 1855 1036 1902 haec
1058 1855 1327 1918 fragmenta
1349 1858 1586 1903 variorum

107 1937 405 1998 Scriptorum
441 1938 635 1984 nomina
664 1938 911 1985 referrent.
983 1937 1153 1992 Quoad
1193 1938 1322 1985 hunc
1358 1938 1586 1986 Codicem

106 2036 218 2082 ergo
241 2035 317 2066 res
339 2020 494 2067 adhuc
523 2022 573 2067 in
597 2021 742 2068 dubio
764 2026 941 2075 manet,
965 2021 1116 2067 donec
1151 2020 1335 2082 aliquis,
1359 2022 1586 2083 inspectis

105 2102 179 2149 his
231 2102 693 2149 Commentariorum
745 2102 939 2158 laciniis,
986 2119 1072 2150 nos
1124 2104 1186 2150 de
1235 2104 1310 2150 his
1361 2106 1585 2152 certiores

106 2184 265 2231 faciat.
325 2184 385 2231 In
407 2184 708 2231 Bibliotheca
730 2185 1022 2243 Taurinensi,
1040 2191 1165 2232 teste
1191 2186 1359 2233 Pfaffio
1384 2186 1584 2233 Dissert.

106 2266 313 2330 Apolog.
338 2268 398 2314 de
422 2267 609 2330 Fragm.
635 2268 802 2315 Irenaei
833 2274 1100 2316 asservatur
1122 2275 1150 2295 “
1163 2268 1347 2316 Catena
1379 2270 1429 2316 in
1454 2269 1586 2316 Psal-

107 2357 134 2377 “
150 2366 270 2406 mos,
292 2351 464 2398 litteris
496 2352 761 2399 uncialibus
792 2358 896 2399 tota
929 2360 1136 2410 exarata,
1161 2370 1305 2415 quam
1340 2354 1401 2400 ad
1435 2370 1585 2400 830011-

107 2434 253 2481 “lum
279 2434 428 2483 VIII.
452 2435 530 2482 vel
553 2441 604 2482 et
628 2435 721 2482 IX.
746 2436 785 2482 si
809 2437 914 2497 quis
948 2438 1135 2492 referat,
1159 2438 1286 2483 haud
1319 2438 1584 2484 erraverit-'²

109 2519 254 2566 Nono
294 2525 426 2567 certe
465 2520 636 2567 saeculo
663 2521 766 2582 jam
806 2522 1021 2568 extitisse
1060 2522 1146 2568 has
1170 2522 1407 2569 Veterum
1449 2522 1585 2570 Grae-

107 2618 272 2649 corum
318 2603 517 2650 Patrum
562 2605 611 2650 in
659 2603 708 2650 S.
748 2603 1042 2664 Scripturam
1088 2606 1421 2667 expositiones,
1467 2620 1584 2666 quas

108 2685 312 2733 Catenas
338 2688 526 2750 proprie
560 2702 902 2748 nuncupamus,
927 2687 1071 2733 fidem
1101 2687 1216 2734 facit
1246 2687 1430 2749 insigne
1455 2687 1585 2748 frag-

107 2772 326 2815 mentum
366 2770 494 2832 quod
530 2770 682 2816 amice
721 2769 840 2815 mihi
879 2769 1249 2815 communicavit
1290 2768 1584 2815 Gaisfordius

107 2850 242 2897 AEdis
282 2850 460 2898 Christi
497 2851 731 2906 Decanus,
769 2853 849 2912 qui
890 2852 1016 2897 inter
1052 2849 1253 2896 Codices
1294 2849 1446 2897 MSS.
1473 2850 1585 2896 Col-

107 2932 233 2995 legii,
257 2934 334 2980 cui
361 2939 550 2995 praeest,
573 2933 692 2980 illud
722 2934 921 2980 detexit.
978 2931 1137 2994 Hujus
1166 2933 1267 2979 haec
1298 2939 1370 2980 est
1393 2934 1581 2980 notitia.

831 3033 857 3062 c
