1884 3392
653 235 802 277 PRAE
814 233 1039 278 FATIO.
1522 234 1593 276 xiii

184 352 226 395 1.
253 348 328 395 De
342 348 635 396 'Catenarum
660 352 840 413 origine
859 351 1050 398 difficile
1074 357 1146 398 est
1170 352 1349 412 aliquid
1372 355 1593 397 accurate

114 438 336 486 statuere,
361 449 470 478 cum
494 433 612 478 nihil
637 434 696 479 de
729 433 819 479 hac
860 449 911 480 re
946 439 1133 479 certum
1167 439 1313 495 atque
1348 434 1592 496 cognitum

114 516 388 563 habeamus.
482 516 824 578 Olympiodoro
871 517 1180 563 Alexandriae
1240 517 1455 563 Diacono
1513 518 1594 578 qui

115 600 523 646 Commentarium
559 601 609 646 in
643 600 823 646 Jobum
863 601 1082 654 confecit,
1118 600 1240 646 hanc
1282 600 1473 646 laudem
1511 600 1596 645 tri-

115 684 260 730 buere
292 683 514 729 videntur
538 683 745 730 WVolfius
782 690 832 730 et
871 684 964 730 alii.
1042 684 1271 739 Quamvis
1306 689 1468 729 autem
1499 698 1596 728 non

114 768 386 829 negandum
410 773 483 813 est
508 767 915 829 Olympiodorum,
941 768 1021 828 qui
1046 768 1170 813 circa
1192 767 1337 813 finem
1362 767 1485 813 sexti
1510 773 1595 813 aut

116 851 307 896 initium
342 851 532 911 septimi
568 851 769 897 florebat
804 851 975 906 saeculi,
1000 851 1349 912 expositionem
1384 852 1434 896 in
1468 851 1596 896 hunc

118 933 272 980 Sacrae
297 933 556 995 Scripturae
591 934 764 980 librum
789 934 1019 990 edidisse;
1053 950 1149 980 non
1178 934 1398 980 affirmari
1422 939 1596 994 potest,

117 1017 318 1063 eandem
347 1033 448 1063 esse
479 1033 534 1064 ac
571 1017 815 1072 Catenam,
839 1034 943 1078 quae
977 1018 1120 1064 hodie
1155 1018 1243 1063 sub
1277 1017 1379 1078 ejus
1412 1017 1600 1077 potissi-

118 1116 252 1147 mum
292 1102 484 1146 nomine
520 1102 877 1156 circumfertur;
925 1102 1072 1146 immo
1114 1101 1268 1146 multo
1309 1099 1598 1161 probabilius

119 1189 206 1237 est,
241 1184 332 1229 hoc
368 1199 486 1244 opus
525 1199 554 1229 a
595 1184 789 1230 diversis
823 1184 1095 1229 auctoribus
1133 1189 1414 1229 contextum
1456 1183 1600 1228 fuisse

119 1267 179 1313 ab
214 1266 373 1327 aliquo
397 1265 724 1328 Olympiodori
760 1267 894 1313 aetati
929 1267 1070 1328 longe
1104 1267 1366 1327 posteriori.
1441 1266 1601 1326 Major

120 1351 318 1396 fortasse
353 1350 588 1396 dubitatio
625 1350 792 1396 incidit
828 1351 887 1396 de
924 1349 1142 1410 Procopii
1175 1350 1333 1396 Gazaei
1369 1350 1418 1394 in
1454 1348 1601 1396 Octa-

119 1433 348 1479 teuchum
384 1432 755 1479 Commentario.
828 1433 967 1488 Quod
1005 1449 1122 1494 opus
1157 1434 1195 1479 si
1237 1434 1363 1479 inter
1395 1432 1601 1478 Catenas

119 1518 308 1578 proprie
366 1517 516 1563 dictas
573 1516 979 1562 adnumerandum
1030 1517 1105 1569 sit,
1153 1516 1432 1576 probaretur
1489 1517 1601 1562 inde

121 1599 391 1661 hujusmodi
440 1599 798 1660 compilationes
837 1600 942 1660 jam
988 1600 1048 1645 ab
1089 1600 1225 1645 initio
1267 1601 1391 1645 sexti
1438 1599 1601 1645 saeculi

121 1671 360 1744 quosvixit
385 1683 655 1744 Procopius,
680 1684 730 1728 in
753 1698 843 1729 usu
866 1683 1023 1729 fuisse.
1083 1682 1179 1729 Sed
1202 1688 1257 1728 ut
1280 1683 1402 1728 bene
1436 1688 1602 1728 monet

122 1765 367 1814 Fabricius
401 1773 437 1812 t.
463 1767 582 1814 VII.
612 1783 657 1828 p.
684 1770 795 1820 735,
822 1765 935 1821 736,
961 1773 987 1792 ‘⁶
1005 1782 1101 1812 non
1125 1773 1235 1812 sunt
1258 1767 1358 1812 haec
1384 1766 1602 1826 Procopii

124 1855 150 1875 “
175 1849 528 1896 Commentaria
562 1852 631 1896 ita
665 1866 726 1896 ex
762 1850 901 1896 variis
923 1850 1159 1895 variorum
1182 1849 1327 1911 ῥήσεσι
1358 1854 1600 1902 contexta,

125 1939 151 1958 ‘⁶
175 1934 420 1995 adscriptis
456 1933 759 1995 Singularum
784 1932 1091 1986 AuctOribus,
1116 1933 1518 1993 quemadmodum
1553 1933 1602 1978 in

125 2023 153 2043 ‘⁶
177 2016 279 2063 aliis
308 2017 406 2063 fere
430 2017 623 2063 Catenis
646 2016 747 2062 fieri
773 2016 1060 2070 consuevit‚”
1085 2017 1167 2062 sed
1197 2017 1355 2076 potius
1379 2017 1428 2061 in
1452 2016 1604 2061 forma

127 2099 439 2154 Scholiorum,
455 2100 568 2146 licet
592 2115 652 2144 ex
671 2099 774 2145 aliis
791 2098 1085 2146 Auctoribus
1109 2100 1191 2146 sed
1215 2115 1311 2145 non
1334 2100 1603 2152 nominatis,

126 2190 471 2244 excerptorum.

193 2267 272 2312 Sic
296 2273 458 2313 autem
481 2273 537 2312 ut
561 2268 727 2328 opinor
749 2282 823 2313 res
846 2267 1035 2311 initium
1059 2266 1240 2312 habuit.
1301 2265 1603 2312 Exstiterunt

127 2338 319 2410 quidem
351 2352 411 2396 ab
442 2351 543 2411 ipso
567 2351 665 2396 fere
690 2356 797 2396 ortu
822 2350 1168 2396 Christianismi
1193 2349 1605 2395 Commentatores

127 2434 207 2495 qui
231 2435 291 2479 ad
315 2434 649 2494 exponendum
681 2439 731 2478 et
765 2433 1097 2478 illustrandum
1133 2432 1225 2478 Dei
1251 2431 1470 2478 Verbum
1494 2447 1605 2492 ope-

126 2531 228 2562 ram
280 2517 540 2570 dederunt3
598 2517 758 2578 magni
805 2516 1035 2576 imprimis
1083 2515 1307 2561 Ecclesiae
1349 2514 1601 2571 Doctores,

129 2599 372 2661 Origenes,
408 2599 624 2654 Basilius,
668 2599 899 2661 Gregorii,
942 2599 1317 2660 Chrysostomus,
1366 2597 1604 2643 Diodorus

128 2682 380 2736 Tarsensis,
407 2682 622 2743 Cyrillus,
657 2682 904 2745 Didymus,
930 2682 1268 2734 Theodoretus‚
1301 2680 1603 2726 Ammonius.

131 2765 390 2825 Postquam
427 2772 588 2811 autem
629 2781 793 2812 eorum
835 2782 977 2827 opera
1016 2766 1187 2826 passim
1230 2764 1410 2825 vulgari
1448 2769 1605 2825 coepta

128 2854 240 2894 sunt
265 2853 314 2893 et
337 2849 386 2893 in
410 2864 498 2893 usu
532 2864 646 2903 esse,
673 2855 893 2894 exortum
925 2855 998 2894 est
1034 2848 1255 2908 deinceps
1290 2847 1418 2892 aliud
1452 2847 1605 2892 homi-

129 2946 246 2976 num
279 2946 441 2992 genus,
467 2932 547 2990 qui
583 2932 680 2976 sive
715 2928 791 2975 ἀπὸ
816 2935 946 2988 φωνῆς
977 2932 1225 2976 doctorum
1259 2931 1481 2991 ipsorum,
1506 2931 1604 2975 sive

132 3028 194 3059 ex
217 3013 405 3059 illorum
430 3013 569 3059 editis
605 3013 747 3067 libris,
775 3014 1156 3075 Epitomatorum
1193 3020 1350 3074 partes
1385 3014 1602 3074 agebant,

369 3200 391 3220 *ι
